day,timestamp,product,bid_price_1,bid_volume_1,bid_price_2,bid_volume_2,bid_price_3,bid_volume_3,ask_price_1,ask_volume_1,ask_price_2,ask_volume_2,ask_price_3,ask_volume_3,mid_price,profit_and_loss
-1,0,EMERALDS,9992,14,9990,29,,,10008,14,10010,29,,,10000.0,0.0
-1,100,EMERALDS,9992,11,9990,22,,,10008,11,10010,22,,,10000.0,0.0
-1,200,EMERALDS,9992,15,9990,20,,,10008,15,10010,20,,,10000.0,0.0
-1,300,EMERALDS,9992,11,9990,29,,,10008,11,10010,29,,,10000.0,0.0
-1,400,EMERALDS,9992,12,9990,25,,,10008,12,10010,25,,,10000.0,0.0
-1,500,EMERALDS,9992,12,9990,30,,,10008,12,10010,30,,,10000.0,0.0
-1,600,EMERALDS,9992,11,9990,25,,,10008,11,10010,25,,,10000.0,0.0
-1,700,EMERALDS,9992,12,9990,23,,,10008,12,10010,23,,,10000.0,0.0
-1,800,EMERALDS,9992,15,9990,29,,,10008,15,10010,29,,,10000.0,0.0
-1,900,EMERALDS,9992,15,9990,22,,,10008,15,10010,22,,,10000.0,0.0
-1,1000,EMERALDS,9992,13,9990,26,,,10008,13,10010,26,,,10000.0,0.0
-1,1100,EMERALDS,9992,12,9990,24,,,10008,12,10010,24,,,10000.0,0.0
-1,1200,EMERALDS,9992,11,9990,21,,,10008,11,10010,21,,,10000.0,0.0
-1,1300,EMERALDS,9992,10,9990,30,,,10008,10,10010,30,,,10000.0,0.0
-1,1400,EMERALDS,9992,14,9990,25,,,10008,14,10010,25,,,10000.0,0.0
-1,1500,EMERALDS,9992,10,9990,27,,,10008,10,10010,27,,,10000.0,0.0
-1,1600,EMERALDS,9992,13,9990,29,,,10008,13,10010,29,,,10000.0,0.0
-1,1700,EMERALDS,9992,12,9990,20,,,10008,12,10010,20,,,10000.0,0.0
-1,1800,EMERALDS,9992,15,9990,22,,,10008,15,10010,22,,,10000.0,0.0
-1,1900,EMERALDS,9992,14,9990,28,,,10008,14,10010,28,,,10000.0,0.0
-1,2000,EMERALDS,9992,10,9990,24,,,10008,10,10010,24,,,10000.0,0.0
-1,2100,EMERALDS,9992,10,9990,25,,,10008,10,10010,25,,,10000.0,0.0
-1,2200,EMERALDS,9992,10,9990,24,,,10008,10,10010,24,,,10000.0,0.0
-1,2300,EMERALDS,9992,11,9990,30,,,10008,11,10010,30,,,10000.0,0.0
-1,2400,EMERALDS,9992,12,9990,29,,,10008,12,10010,29,,,10000.0,0.0
-1,2500,EMERALDS,9992,15,9990,22,,,10008,15,10010,22,,,10000.0,0.0
-1,2600,EMERALDS,9992,15,9990,23,,,10008,15,10010,23,,,10000.0,0.0
-1,2700,EMERALDS,9992,14,9990,26,,,10008,14,10010,26,,,10000.0,0.0
-1,2800,EMERALDS,9992,11,9990,25,,,10000,10,10008,11,10010.0,25.0,9996.0,0.0
-1,2900,EMERALDS,9992,15,9990,25,,,10008,15,10010,25,,,10000.0,0.0
-1,3000,EMERALDS,9992,15,9990,26,,,10008,15,10010,26,,,10000.0,0.0
-1,3100,EMERALDS,9992,12,9990,24,,,10008,12,10010,24,,,10000.0,0.0
-1,3200,EMERALDS,9992,12,9990,22,,,10008,12,10010,22,,,10000.0,0.0
-1,3300,EMERALDS,9992,13,9990,30,,,10008,13,10010,30,,,10000.0,0.0
-1,3400,EMERALDS,9992,10,9990,24,,,10008,10,10010,24,,,10000.0,0.0
-1,3500,EMERALDS,9992,15,9990,26,,,10008,15,10010,26,,,10000.0,0.0
-1,3600,EMERALDS,9992,10,9990,21,,,10008,10,10010,21,,,10000.0,0.0
-1,3700,EMERALDS,9992,10,9990,23,,,10008,10,10010,23,,,10000.0,0.0
-1,3800,EMERALDS,9992,11,9990,23,,,10008,11,10010,23,,,10000.0,0.0
-1,3900,EMERALDS,9992,14,9990,25,,,10008,14,10010,25,,,10000.0,0.0
-1,4000,EMERALDS,9992,15,9990,30,,,10008,15,10010,30,,,10000.0,0.0
-1,4100,EMERALDS,9992,15,9990,27,,,10008,15,10010,27,,,10000.0,0.0
-1,4200,EMERALDS,10000,9,9992,11,9990.0,24.0,10008,11,10010,24,,,10004.0,0.0
-1,4300,EMERALDS,9992,10,9990,22,,,10008,10,10010,22,,,10000.0,0.0
-1,4400,EMERALDS,9992,13,9990,30,,,10008,13,10010,30,,,10000.0,0.0
-1,4500,EMERALDS,9992,10,9990,28,,,10008,10,10010,28,,,10000.0,0.0
-1,4600,EMERALDS,9992,15,9990,29,,,10008,15,10010,29,,,10000.0,0.0
-1,4700,EMERALDS,9992,15,9990,30,,,10008,15,10010,30,,,10000.0,0.0
-1,4800,EMERALDS,9992,14,9990,22,,,10008,14,10010,22,,,10000.0,0.0
-1,4900,EMERALDS,9992,15,9990,22,,,10008,15,10010,22,,,10000.0,0.0
-1,5000,EMERALDS,9992,13,9990,28,,,10000,9,10008,13,10010.0,28.0,9996.0,0.0
-1,5100,EMERALDS,9992,11,9990,30,,,10008,11,10010,30,,,10000.0,0.0
-1,5200,EMERALDS,9992,11,9990,26,,,10008,11,10010,26,,,10000.0,0.0
-1,5300,EMERALDS,9992,13,9990,20,,,10008,13,10010,20,,,10000.0,0.0
-1,5400,EMERALDS,9992,13,9990,21,,,10008,13,10010,21,,,10000.0,0.0
-1,5500,EMERALDS,9992,12,9990,27,,,10008,12,10010,27,,,10000.0,0.0
-1,5600,EMERALDS,9992,12,9990,28,,,10008,12,10010,28,,,10000.0,0.0
-1,5700,EMERALDS,9992,14,9990,27,,,10008,14,10010,27,,,10000.0,0.0
-1,5800,EMERALDS,9992,14,9990,30,,,10008,14,10010,30,,,10000.0,0.0
-1,5900,EMERALDS,9992,14,9990,28,,,10008,14,10010,28,,,10000.0,0.0
-1,6000,EMERALDS,9992,10,9990,30,,,10008,10,10010,30,,,10000.0,0.0
-1,6100,EMERALDS,9992,14,9990,24,,,10008,14,10010,24,,,10000.0,0.0
-1,6200,EMERALDS,9992,15,9990,21,,,10008,15,10010,21,,,10000.0,0.0
-1,6300,EMERALDS,9992,12,9990,23,,,10008,12,10010,23,,,10000.0,0.0
-1,6400,EMERALDS,9992,12,9990,24,,,10008,12,10010,24,,,10000.0,0.0
-1,6500,EMERALDS,9992,15,9990,26,,,10008,15,10010,26,,,10000.0,0.0
-1,6600,EMERALDS,9992,14,9990,24,,,10008,14,10010,24,,,10000.0,0.0
-1,6700,EMERALDS,9992,10,9990,20,,,10008,10,10010,20,,,10000.0,0.0
-1,6800,EMERALDS,9992,15,9990,30,,,10008,15,10010,30,,,10000.0,0.0
-1,6900,EMERALDS,9992,15,9990,26,,,10008,15,10010,26,,,10000.0,0.0
-1,7000,EMERALDS,9992,11,9990,27,,,10008,11,10010,27,,,10000.0,0.0
-1,7100,EMERALDS,9992,13,9990,29,,,10008,13,10010,29,,,10000.0,0.0
-1,7200,EMERALDS,9992,15,9990,27,,,10008,15,10010,27,,,10000.0,0.0
-1,7300,EMERALDS,9992,10,9990,29,,,10008,10,10010,29,,,10000.0,0.0
-1,7400,EMERALDS,9992,15,9990,22,,,10008,15,10010,22,,,10000.0,0.0
-1,7500,EMERALDS,9992,14,9990,25,,,10008,14,10010,25,,,10000.0,0.0
-1,7600,EMERALDS,9992,13,9990,20,,,10008,13,10010,20,,,10000.0,0.0
-1,7700,EMERALDS,9992,14,9990,22,,,10008,14,10010,22,,,10000.0,0.0
-1,7800,EMERALDS,9992,11,9990,22,,,10008,11,10010,22,,,10000.0,0.0
-1,7900,EMERALDS,9992,13,9990,26,,,10008,13,10010,26,,,10000.0,0.0
-1,8000,EMERALDS,9992,12,9990,27,,,10008,12,10010,27,,,10000.0,0.0
-1,8100,EMERALDS,9992,11,9990,22,,,10008,11,10010,22,,,10000.0,0.0
-1,8200,EMERALDS,9992,13,9990,23,,,10008,13,10010,23,,,10000.0,0.0
-1,8300,EMERALDS,9992,13,9990,29,,,10008,13,10010,29,,,10000.0,0.0
-1,8400,EMERALDS,9992,14,9990,28,,,10008,14,10010,28,,,10000.0,0.0
-1,8500,EMERALDS,9992,11,9990,29,,,10008,11,10010,29,,,10000.0,0.0
-1,8600,EMERALDS,9992,12,9990,22,,,10008,12,10010,22,,,10000.0,0.0
-1,8700,EMERALDS,9992,15,9990,27,,,10008,15,10010,27,,,10000.0,0.0
-1,8800,EMERALDS,10000,10,9992,14,9990.0,25.0,10008,14,10010,25,,,10004.0,0.0
-1,8900,EMERALDS,9992,12,9990,26,,,10008,12,10010,26,,,10000.0,0.0
-1,9000,EMERALDS,9992,11,9990,29,,,10008,11,10010,29,,,10000.0,0.0
-1,9100,EMERALDS,9992,13,9990,27,,,10008,13,10010,27,,,10000.0,0.0
-1,9200,EMERALDS,9992,13,9990,27,,,10008,13,10010,27,,,10000.0,0.0
-1,9300,EMERALDS,9992,13,9990,20,,,10008,13,10010,20,,,10000.0,0.0
-1,9400,EMERALDS,9992,14,9990,21,,,10008,14,10010,21,,,10000.0,0.0
-1,9500,EMERALDS,9992,10,9990,30,,,10008,10,10010,30,,,10000.0,0.0
-1,9600,EMERALDS,9992,11,9990,30,,,10008,11,10010,30,,,10000.0,0.0
-1,9700,EMERALDS,9992,14,9990,22,,,10008,14,10010,22,,,10000.0,0.0
-1,9800,EMERALDS,9992,14,9990,26,,,10008,14,10010,26,,,10000.0,0.0
-1,9900,EMERALDS,9992,13,9990,25,,,10008,13,10010,25,,,10000.0,0.0
-1,10000,EMERALDS,9992,14,9990,28,,,10008,14,10010,28,,,10000.0,0.0
-1,10100,EMERALDS,9992,15,9990,24,,,10008,15,10010,24,,,10000.0,0.0
-1,10200,EMERALDS,9992,13,9990,26,,,10008,13,10010,26,,,10000.0,0.0
-1,10300,EMERALDS,9992,13,9990,27,,,10008,13,10010,27,,,10000.0,0.0
-1,10400,EMERALDS,9992,14,9990,28,,,10008,14,10010,28,,,10000.0,0.0
-1,10500,EMERALDS,9992,15,9990,29,,,10008,15,10010,29,,,10000.0,0.0
-1,10600,EMERALDS,9992,15,9990,29,,,10008,15,10010,29,,,10000.0,0.0
-1,10700,EMERALDS,9992,10,9990,28,,,10008,10,10010,28,,,10000.0,0.0
-1,10800,EMERALDS,9992,15,9990,22,,,10008,15,10010,22,,,10000.0,0.0
-1,10900,EMERALDS,9992,15,9990,27,,,10008,15,10010,27,,,10000.0,0.0
-1,11000,EMERALDS,9992,10,9990,24,,,10008,10,10010,24,,,10000.0,0.0
-1,11100,EMERALDS,9992,10,9990,21,,,10008,10,10010,21,,,10000.0,0.0
-1,11200,EMERALDS,9992,11,9990,21,,,10008,11,10010,21,,,10000.0,0.0
-1,11300,EMERALDS,9992,12,9990,21,,,10008,12,10010,21,,,10000.0,0.0
-1,11400,EMERALDS,9992,14,9990,25,,,10008,14,10010,25,,,10000.0,0.0
-1,11500,EMERALDS,9992,11,9990,25,,,10008,11,10010,25,,,10000.0,0.0
-1,11600,EMERALDS,9992,11,9990,27,,,10008,11,10010,27,,,10000.0,0.0
-1,11700,EMERALDS,9992,12,9990,21,,,10008,12,10010,21,,,10000.0,0.0
-1,11800,EMERALDS,9992,15,9990,29,,,10008,15,10010,29,,,10000.0,0.0
-1,11900,EMERALDS,9992,12,9990,30,,,10008,12,10010,30,,,10000.0,0.0
-1,12000,EMERALDS,9992,14,9990,20,,,10008,14,10010,20,,,10000.0,0.0
-1,12100,EMERALDS,9992,13,9990,25,,,10008,13,10010,25,,,10000.0,0.0
-1,12200,EMERALDS,9992,12,9990,28,,,10008,12,10010,28,,,10000.0,0.0
-1,12300,EMERALDS,9992,10,9990,28,,,10008,10,10010,28,,,10000.0,0.0
-1,12400,EMERALDS,9992,12,9990,26,,,10008,12,10010,26,,,10000.0,0.0
-1,12500,EMERALDS,9992,15,9990,20,,,10008,15,10010,20,,,10000.0,0.0
-1,12600,EMERALDS,9992,14,9990,22,,,10008,14,10010,22,,,10000.0,0.0
-1,12700,EMERALDS,9992,14,9990,20,,,10008,14,10010,20,,,10000.0,0.0
-1,12800,EMERALDS,9992,12,9990,20,,,10008,12,10010,20,,,10000.0,0.0
-1,12900,EMERALDS,9992,15,9990,28,,,10008,15,10010,28,,,10000.0,0.0
-1,13000,EMERALDS,9992,11,9990,20,,,10008,11,10010,20,,,10000.0,0.0
-1,13100,EMERALDS,9992,13,9990,25,,,10008,13,10010,25,,,10000.0,0.0
-1,13200,EMERALDS,9992,12,9990,22,,,10008,12,10010,22,,,10000.0,0.0
-1,13300,EMERALDS,9992,13,9990,24,,,10000,10,10008,13,10010.0,24.0,9996.0,0.0
-1,13400,EMERALDS,9992,14,9990,30,,,10008,14,10010,30,,,10000.0,0.0
-1,13500,EMERALDS,9992,11,9990,30,,,10008,11,10010,30,,,10000.0,0.0
-1,13600,EMERALDS,9992,10,9990,25,,,10008,10,10010,25,,,10000.0,0.0
-1,13700,EMERALDS,9992,15,9990,20,,,10008,15,10010,20,,,10000.0,0.0
-1,13800,EMERALDS,9992,15,9990,20,,,10008,15,10010,20,,,10000.0,0.0
-1,13900,EMERALDS,9992,15,9990,20,,,10008,15,10010,20,,,10000.0,0.0
-1,14000,EMERALDS,9992,15,9990,27,,,10008,15,10010,27,,,10000.0,0.0
-1,14100,EMERALDS,9992,15,9990,23,,,10008,15,10010,23,,,10000.0,0.0
-1,14200,EMERALDS,9992,14,9990,21,,,10008,14,10010,21,,,10000.0,0.0
-1,14300,EMERALDS,9992,15,9990,27,,,10008,15,10010,27,,,10000.0,0.0
-1,14400,EMERALDS,9992,12,9990,29,,,10008,12,10010,29,,,10000.0,0.0
-1,14500,EMERALDS,9992,13,9990,24,,,10008,13,10010,24,,,10000.0,0.0
-1,14600,EMERALDS,9992,11,9990,26,,,10008,11,10010,26,,,10000.0,0.0
-1,14700,EMERALDS,9992,12,9990,30,,,10008,12,10010,30,,,10000.0,0.0
-1,14800,EMERALDS,9992,11,9990,28,,,10008,11,10010,28,,,10000.0,0.0
-1,14900,EMERALDS,10000,5,9992,12,9990.0,26.0,10008,12,10010,26,,,10004.0,0.0
-1,15000,EMERALDS,9992,14,9990,25,,,10008,14,10010,25,,,10000.0,0.0
-1,15100,EMERALDS,9992,10,9990,22,,,10008,10,10010,22,,,10000.0,0.0
-1,15200,EMERALDS,9992,11,9990,27,,,10008,11,10010,27,,,10000.0,0.0
-1,15300,EMERALDS,9992,13,9990,26,,,10008,13,10010,26,,,10000.0,0.0
-1,15400,EMERALDS,9992,15,9990,28,,,10008,15,10010,28,,,10000.0,0.0
-1,15500,EMERALDS,9992,11,9990,29,,,10008,11,10010,29,,,10000.0,0.0
-1,15600,EMERALDS,9992,12,9990,24,,,10008,12,10010,24,,,10000.0,0.0
-1,15700,EMERALDS,9992,10,9990,24,,,10008,10,10010,24,,,10000.0,0.0
-1,15800,EMERALDS,9992,12,9990,20,,,10008,12,10010,20,,,10000.0,0.0
-1,15900,EMERALDS,9992,10,9990,29,,,10008,10,10010,29,,,10000.0,0.0
-1,16000,EMERALDS,9992,10,9990,27,,,10008,10,10010,27,,,10000.0,0.0
-1,16100,EMERALDS,9992,11,9990,21,,,10008,11,10010,21,,,10000.0,0.0
-1,16200,EMERALDS,9992,14,9990,24,,,10008,14,10010,24,,,10000.0,0.0
-1,16300,EMERALDS,9992,11,9990,22,,,10008,11,10010,22,,,10000.0,0.0
-1,16400,EMERALDS,9992,13,9990,30,,,10008,13,10010,30,,,10000.0,0.0
-1,16500,EMERALDS,9992,12,9990,21,,,10008,12,10010,21,,,10000.0,0.0
-1,16600,EMERALDS,9992,15,9990,28,,,10008,15,10010,28,,,10000.0,0.0
-1,16700,EMERALDS,9992,15,9990,26,,,10008,15,10010,26,,,10000.0,0.0
-1,16800,EMERALDS,9992,13,9990,26,,,10008,13,10010,26,,,10000.0,0.0
-1,16900,EMERALDS,9992,12,9990,25,,,10008,12,10010,25,,,10000.0,0.0
-1,17000,EMERALDS,9992,14,9990,29,,,10008,14,10010,29,,,10000.0,0.0
-1,17100,EMERALDS,9992,14,9990,21,,,10000,5,10008,14,10010.0,21.0,9996.0,0.0
-1,17200,EMERALDS,9992,10,9990,22,,,10008,10,10010,22,,,10000.0,0.0
-1,17300,EMERALDS,9992,12,9990,23,,,10008,12,10010,23,,,10000.0,0.0
-1,17400,EMERALDS,9992,13,9990,28,,,10008,13,10010,28,,,10000.0,0.0
-1,17500,EMERALDS,9992,11,9990,26,,,10008,11,10010,26,,,10000.0,0.0
-1,17600,EMERALDS,9992,10,9990,30,,,10008,10,10010,30,,,10000.0,0.0
-1,17700,EMERALDS,9992,13,9990,27,,,10008,13,10010,27,,,10000.0,0.0
-1,17800,EMERALDS,9992,13,9990,24,,,10008,13,10010,24,,,10000.0,0.0
-1,17900,EMERALDS,9992,13,9990,23,,,10008,13,10010,23,,,10000.0,0.0
-1,18000,EMERALDS,9992,14,9990,25,,,10008,14,10010,25,,,10000.0,0.0
-1,18100,EMERALDS,9992,10,9990,20,,,10008,10,10010,20,,,10000.0,0.0
-1,18200,EMERALDS,9992,15,9990,25,,,10008,15,10010,25,,,10000.0,0.0
-1,18300,EMERALDS,9992,15,9990,23,,,10008,15,10010,23,,,10000.0,0.0
-1,18400,EMERALDS,9992,12,9990,23,,,10008,12,10010,23,,,10000.0,0.0
-1,18500,EMERALDS,9992,10,9990,29,,,10008,10,10010,29,,,10000.0,0.0
-1,18600,EMERALDS,9992,12,9990,20,,,10008,12,10010,20,,,10000.0,0.0
-1,18700,EMERALDS,9992,13,9990,22,,,10008,13,10010,22,,,10000.0,0.0
-1,18800,EMERALDS,9992,13,9990,26,,,10008,13,10010,26,,,10000.0,0.0
-1,18900,EMERALDS,9992,14,9990,22,,,10008,14,10010,22,,,10000.0,0.0
-1,19000,EMERALDS,9992,10,9990,26,,,10008,10,10010,26,,,10000.0,0.0
-1,19100,EMERALDS,9992,14,9990,26,,,10008,14,10010,26,,,10000.0,0.0
-1,19200,EMERALDS,9992,15,9990,20,,,10008,15,10010,20,,,10000.0,0.0
-1,19300,EMERALDS,9992,10,9990,21,,,10008,10,10010,21,,,10000.0,0.0
-1,19400,EMERALDS,9992,11,9990,26,,,10008,11,10010,26,,,10000.0,0.0
-1,19500,EMERALDS,9992,12,9990,23,,,10008,12,10010,23,,,10000.0,0.0
-1,19600,EMERALDS,9992,12,9990,27,,,10008,12,10010,27,,,10000.0,0.0
-1,19700,EMERALDS,9992,12,9990,30,,,10008,12,10010,30,,,10000.0,0.0
-1,19800,EMERALDS,9992,10,9990,29,,,10008,10,10010,29,,,10000.0,0.0
-1,19900,EMERALDS,9992,10,9990,30,,,10008,10,10010,30,,,10000.0,0.0
-1,20000,EMERALDS,9992,14,9990,27,,,10008,14,10010,27,,,10000.0,0.0
-1,20100,EMERALDS,9992,14,9990,30,,,10008,14,10010,30,,,10000.0,0.0
-1,20200,EMERALDS,9992,14,9990,29,,,10008,14,10010,29,,,10000.0,0.0
-1,20300,EMERALDS,9992,12,9990,27,,,10008,12,10010,27,,,10000.0,0.0
-1,20400,EMERALDS,9992,10,9990,28,,,10008,10,10010,28,,,10000.0,0.0
-1,20500,EMERALDS,9992,12,9990,30,,,10008,12,10010,30,,,10000.0,0.0
-1,20600,EMERALDS,9992,10,9990,26,,,10008,10,10010,26,,,10000.0,0.0
-1,20700,EMERALDS,9992,14,9990,22,,,10008,14,10010,22,,,10000.0,0.0
-1,20800,EMERALDS,9992,10,9990,22,,,10008,10,10010,22,,,10000.0,0.0
-1,20900,EMERALDS,9992,10,9990,23,,,10008,10,10010,23,,,10000.0,0.0
-1,21000,EMERALDS,9992,11,9990,26,,,10008,11,10010,26,,,10000.0,0.0
-1,21100,EMERALDS,9992,12,9990,22,,,10008,12,10010,22,,,10000.0,0.0
-1,21200,EMERALDS,9992,10,9990,22,,,10008,10,10010,22,,,10000.0,0.0
-1,21300,EMERALDS,9992,12,9990,29,,,10008,12,10010,29,,,10000.0,0.0
-1,21400,EMERALDS,9992,13,9990,28,,,10008,13,10010,28,,,10000.0,0.0
-1,21500,EMERALDS,9992,10,9990,20,,,10008,10,10010,20,,,10000.0,0.0
-1,21600,EMERALDS,9992,10,9990,25,,,10008,10,10010,25,,,10000.0,0.0
-1,21700,EMERALDS,9992,14,9990,29,,,10008,14,10010,29,,,10000.0,0.0
-1,21800,EMERALDS,9992,14,9990,22,,,10008,14,10010,22,,,10000.0,0.0
-1,21900,EMERALDS,9992,14,9990,21,,,10008,14,10010,21,,,10000.0,0.0
-1,22000,EMERALDS,9992,13,9990,21,,,10008,13,10010,21,,,10000.0,0.0
-1,22100,EMERALDS,9992,12,9990,22,,,10008,12,10010,22,,,10000.0,0.0
-1,22200,EMERALDS,9992,12,9990,20,,,10008,12,10010,20,,,10000.0,0.0
-1,22300,EMERALDS,9992,13,9990,28,,,10008,13,10010,28,,,10000.0,0.0
-1,22400,EMERALDS,9992,12,9990,27,,,10008,12,10010,27,,,10000.0,0.0
-1,22500,EMERALDS,9992,14,9990,29,,,10008,14,10010,29,,,10000.0,0.0
-1,22600,EMERALDS,9992,14,9990,20,,,10008,14,10010,20,,,10000.0,0.0
-1,22700,EMERALDS,9992,14,9990,24,,,10008,14,10010,24,,,10000.0,0.0
-1,22800,EMERALDS,9992,14,9990,27,,,10008,14,10010,27,,,10000.0,0.0
-1,22900,EMERALDS,9992,11,9990,30,,,10008,11,10010,30,,,10000.0,0.0
-1,23000,EMERALDS,9992,13,9990,21,,,10008,13,10010,21,,,10000.0,0.0
-1,23100,EMERALDS,9992,10,9990,23,,,10008,10,10010,23,,,10000.0,0.0
-1,23200,EMERALDS,9992,15,9990,29,,,10008,15,10010,29,,,10000.0,0.0
-1,23300,EMERALDS,9992,15,9990,29,,,10008,15,10010,29,,,10000.0,0.0
-1,23400,EMERALDS,9992,11,9990,29,,,10008,11,10010,29,,,10000.0,0.0
-1,23500,EMERALDS,9992,10,9990,28,,,10008,10,10010,28,,,10000.0,0.0
-1,23600,EMERALDS,9992,11,9990,27,,,10008,11,10010,27,,,10000.0,0.0
-1,23700,EMERALDS,9992,12,9990,21,,,10008,12,10010,21,,,10000.0,0.0
-1,23800,EMERALDS,9992,12,9990,30,,,10008,12,10010,30,,,10000.0,0.0
-1,23900,EMERALDS,9992,15,9990,30,,,10008,15,10010,30,,,10000.0,0.0
-1,24000,EMERALDS,9992,13,9990,29,,,10008,13,10010,29,,,10000.0,0.0
-1,24100,EMERALDS,9992,10,9990,25,,,10008,10,10010,25,,,10000.0,0.0
-1,24200,EMERALDS,9992,11,9990,28,,,10008,11,10010,28,,,10000.0,0.0
-1,24300,EMERALDS,9992,15,9990,24,,,10008,15,10010,24,,,10000.0,0.0
-1,24400,EMERALDS,9992,15,9990,21,,,10008,15,10010,21,,,10000.0,0.0
-1,24500,EMERALDS,9992,14,9990,25,,,10008,14,10010,25,,,10000.0,0.0
-1,24600,EMERALDS,9992,14,9990,24,,,10008,14,10010,24,,,10000.0,0.0
-1,24700,EMERALDS,9992,13,9990,25,,,10008,13,10010,25,,,10000.0,0.0
-1,24800,EMERALDS,9992,12,9990,23,,,10008,12,10010,23,,,10000.0,0.0
-1,24900,EMERALDS,9992,13,9990,22,,,10008,13,10010,22,,,10000.0,0.0
-1,25000,EMERALDS,9992,12,9990,23,,,10008,12,10010,23,,,10000.0,0.0
-1,25100,EMERALDS,9992,11,9990,25,,,10008,11,10010,25,,,10000.0,0.0
-1,25200,EMERALDS,9992,10,9990,24,,,10008,10,10010,24,,,10000.0,0.0
-1,25300,EMERALDS,9992,13,9990,22,,,10008,13,10010,22,,,10000.0,0.0
-1,25400,EMERALDS,9992,15,9990,29,,,10008,15,10010,29,,,10000.0,0.0
-1,25500,EMERALDS,10000,9,9992,15,9990.0,20.0,10008,15,10010,20,,,10004.0,0.0
-1,25600,EMERALDS,9992,14,9990,22,,,10008,14,10010,22,,,10000.0,0.0
-1,25700,EMERALDS,9992,14,9990,30,,,10008,14,10010,30,,,10000.0,0.0
-1,25800,EMERALDS,9992,10,9990,24,,,10008,10,10010,24,,,10000.0,0.0
-1,25900,EMERALDS,9992,10,9990,23,,,10008,10,10010,23,,,10000.0,0.0
-1,26000,EMERALDS,9992,11,9990,27,,,10008,11,10010,27,,,10000.0,0.0
-1,26100,EMERALDS,9992,10,9990,20,,,10008,10,10010,20,,,10000.0,0.0
-1,26200,EMERALDS,9992,10,9990,22,,,10008,10,10010,22,,,10000.0,0.0
-1,26300,EMERALDS,9992,14,9990,29,,,10008,14,10010,29,,,10000.0,0.0
-1,26400,EMERALDS,9992,11,9990,22,,,10008,11,10010,22,,,10000.0,0.0
-1,26500,EMERALDS,9992,13,9990,23,,,10008,13,10010,23,,,10000.0,0.0
-1,26600,EMERALDS,9992,12,9990,28,,,10008,12,10010,28,,,10000.0,0.0
-1,26700,EMERALDS,9992,13,9990,23,,,10008,13,10010,23,,,10000.0,0.0
-1,26800,EMERALDS,9992,11,9990,28,,,10008,11,10010,28,,,10000.0,0.0
-1,26900,EMERALDS,9992,11,9990,30,,,10008,11,10010,30,,,10000.0,0.0
-1,27000,EMERALDS,10000,8,9992,11,9990.0,28.0,10008,11,10010,28,,,10004.0,0.0
-1,27100,EMERALDS,9992,15,9990,24,,,10008,15,10010,24,,,10000.0,0.0
-1,27200,EMERALDS,9992,13,9990,21,,,10008,13,10010,21,,,10000.0,0.0
-1,27300,EMERALDS,9992,14,9990,29,,,10008,14,10010,29,,,10000.0,0.0
-1,27400,EMERALDS,9992,11,9990,21,,,10008,11,10010,21,,,10000.0,0.0
-1,27500,EMERALDS,9992,15,9990,22,,,10008,15,10010,22,,,10000.0,0.0
-1,27600,EMERALDS,9992,15,9990,24,,,10008,15,10010,24,,,10000.0,0.0
-1,27700,EMERALDS,9992,13,9990,24,,,10008,13,10010,24,,,10000.0,0.0
-1,27800,EMERALDS,9992,12,9990,26,,,10008,12,10010,26,,,10000.0,0.0
-1,27900,EMERALDS,9992,11,9990,27,,,10008,11,10010,27,,,10000.0,0.0
-1,28000,EMERALDS,9992,14,9990,28,,,10008,14,10010,28,,,10000.0,0.0
-1,28100,EMERALDS,9992,10,9990,24,,,10008,10,10010,24,,,10000.0,0.0
-1,28200,EMERALDS,9992,11,9990,25,,,10008,11,10010,25,,,10000.0,0.0
-1,28300,EMERALDS,9992,10,9990,23,,,10008,10,10010,23,,,10000.0,0.0
-1,28400,EMERALDS,9992,14,9990,23,,,10008,14,10010,23,,,10000.0,0.0
-1,28500,EMERALDS,9992,13,9990,23,,,10008,13,10010,23,,,10000.0,0.0
-1,28600,EMERALDS,9992,11,9990,21,,,10008,11,10010,21,,,10000.0,0.0
-1,28700,EMERALDS,9992,11,9990,30,,,10008,11,10010,30,,,10000.0,0.0
-1,28800,EMERALDS,9992,10,9990,27,,,10008,10,10010,27,,,10000.0,0.0
-1,28900,EMERALDS,9992,14,9990,21,,,10008,14,10010,21,,,10000.0,0.0
-1,29000,EMERALDS,9992,12,9990,24,,,10008,12,10010,24,,,10000.0,0.0
-1,29100,EMERALDS,9992,14,9990,26,,,10008,14,10010,26,,,10000.0,0.0
-1,29200,EMERALDS,9992,14,9990,30,,,10008,14,10010,30,,,10000.0,0.0
-1,29300,EMERALDS,9992,15,9990,30,,,10008,15,10010,30,,,10000.0,0.0
-1,29400,EMERALDS,9992,13,9990,25,,,10008,13,10010,25,,,10000.0,0.0
-1,29500,EMERALDS,9992,14,9990,27,,,10008,14,10010,27,,,10000.0,0.0
-1,29600,EMERALDS,9992,13,9990,28,,,10008,13,10010,28,,,10000.0,0.0
-1,29700,EMERALDS,9992,10,9990,25,,,10008,10,10010,25,,,10000.0,0.0
-1,29800,EMERALDS,9992,10,9990,30,,,10008,10,10010,30,,,10000.0,0.0
-1,29900,EMERALDS,9992,14,9990,21,,,10008,14,10010,21,,,10000.0,0.0
-1,30000,EMERALDS,9992,12,9990,30,,,10008,12,10010,30,,,10000.0,0.0
-1,30100,EMERALDS,9992,15,9990,28,,,10008,15,10010,28,,,10000.0,0.0
-1,30200,EMERALDS,9992,15,9990,20,,,10008,15,10010,20,,,10000.0,0.0
-1,30300,EMERALDS,9992,14,9990,29,,,10008,14,10010,29,,,10000.0,0.0
-1,30400,EMERALDS,9992,13,9990,29,,,10008,13,10010,29,,,10000.0,0.0
-1,30500,EMERALDS,9992,11,9990,20,,,10008,11,10010,20,,,10000.0,0.0
-1,30600,EMERALDS,9992,12,9990,20,,,10008,12,10010,20,,,10000.0,0.0
-1,30700,EMERALDS,9992,13,9990,30,,,10008,13,10010,30,,,10000.0,0.0
-1,30800,EMERALDS,9992,11,9990,30,,,10008,11,10010,30,,,10000.0,0.0
-1,30900,EMERALDS,9992,10,9990,28,,,10008,10,10010,28,,,10000.0,0.0
-1,31000,EMERALDS,10000,8,9992,14,9990.0,22.0,10008,14,10010,22,,,10004.0,0.0
-1,31100,EMERALDS,9992,11,9990,27,,,10008,11,10010,27,,,10000.0,0.0
-1,31200,EMERALDS,9992,11,9990,29,,,10008,11,10010,29,,,10000.0,0.0
-1,31300,EMERALDS,9992,12,9990,23,,,10008,12,10010,23,,,10000.0,0.0
-1,31400,EMERALDS,9992,15,9990,26,,,10008,15,10010,26,,,10000.0,0.0
-1,31500,EMERALDS,9992,12,9990,30,,,10008,12,10010,30,,,10000.0,0.0
-1,31600,EMERALDS,9992,15,9990,27,,,10008,15,10010,27,,,10000.0,0.0
-1,31700,EMERALDS,9992,10,9990,22,,,10008,10,10010,22,,,10000.0,0.0
-1,31800,EMERALDS,9992,12,9990,25,,,10008,12,10010,25,,,10000.0,0.0
-1,31900,EMERALDS,9992,11,9990,28,,,10008,11,10010,28,,,10000.0,0.0
-1,32000,EMERALDS,9992,15,9990,24,,,10008,15,10010,24,,,10000.0,0.0
-1,32100,EMERALDS,9992,11,9990,28,,,10008,11,10010,28,,,10000.0,0.0
-1,32200,EMERALDS,9992,13,9990,27,,,10008,13,10010,27,,,10000.0,0.0
-1,32300,EMERALDS,9992,15,9990,25,,,10008,15,10010,25,,,10000.0,0.0
-1,32400,EMERALDS,9992,10,9990,30,,,10008,10,10010,30,,,10000.0,0.0
-1,32500,EMERALDS,9992,10,9990,21,,,10008,10,10010,21,,,10000.0,0.0
-1,32600,EMERALDS,9992,15,9990,30,,,10008,15,10010,30,,,10000.0,0.0
-1,32700,EMERALDS,9992,13,9990,22,,,10008,13,10010,22,,,10000.0,0.0
-1,32800,EMERALDS,9992,15,9990,28,,,10008,15,10010,28,,,10000.0,0.0
-1,32900,EMERALDS,9992,15,9990,27,,,10008,15,10010,27,,,10000.0,0.0
-1,33000,EMERALDS,9992,14,9990,28,,,10008,14,10010,28,,,10000.0,0.0
-1,33100,EMERALDS,9992,10,9990,28,,,10008,10,10010,28,,,10000.0,0.0
-1,33200,EMERALDS,9992,15,9990,20,,,10008,15,10010,20,,,10000.0,0.0
-1,33300,EMERALDS,9992,12,9990,20,,,10008,12,10010,20,,,10000.0,0.0
-1,33400,EMERALDS,9992,10,9990,30,,,10008,10,10010,30,,,10000.0,0.0
-1,33500,EMERALDS,9992,11,9990,20,,,10008,11,10010,20,,,10000.0,0.0
-1,33600,EMERALDS,9992,14,9990,27,,,10008,14,10010,27,,,10000.0,0.0
-1,33700,EMERALDS,9992,13,9990,27,,,10008,13,10010,27,,,10000.0,0.0
-1,33800,EMERALDS,9992,12,9990,25,,,10008,12,10010,25,,,10000.0,0.0
-1,33900,EMERALDS,9992,12,9990,24,,,10008,12,10010,24,,,10000.0,0.0
-1,34000,EMERALDS,9992,15,9990,30,,,10008,15,10010,30,,,10000.0,0.0
-1,34100,EMERALDS,9992,13,9990,22,,,10008,13,10010,22,,,10000.0,0.0
-1,34200,EMERALDS,9992,14,9990,23,,,10008,14,10010,23,,,10000.0,0.0
-1,34300,EMERALDS,9992,13,9990,22,,,10008,13,10010,22,,,10000.0,0.0
-1,34400,EMERALDS,9992,12,9990,23,,,10008,12,10010,23,,,10000.0,0.0
-1,34500,EMERALDS,9992,10,9990,30,,,10008,10,10010,30,,,10000.0,0.0
-1,34600,EMERALDS,9992,15,9990,29,,,10008,15,10010,29,,,10000.0,0.0
-1,34700,EMERALDS,9992,15,9990,24,,,10008,15,10010,24,,,10000.0,0.0
-1,34800,EMERALDS,9992,14,9990,23,,,10008,14,10010,23,,,10000.0,0.0
-1,34900,EMERALDS,9992,12,9990,20,,,10008,12,10010,20,,,10000.0,0.0
-1,35000,EMERALDS,9992,12,9990,20,,,10008,12,10010,20,,,10000.0,0.0
-1,35100,EMERALDS,9992,12,9990,29,,,10008,12,10010,29,,,10000.0,0.0
-1,35200,EMERALDS,9992,15,9990,28,,,10008,15,10010,28,,,10000.0,0.0
-1,35300,EMERALDS,9992,10,9990,27,,,10008,10,10010,27,,,10000.0,0.0
-1,35400,EMERALDS,9992,10,9990,25,,,10008,10,10010,25,,,10000.0,0.0
-1,35500,EMERALDS,9992,11,9990,26,,,10008,11,10010,26,,,10000.0,0.0
-1,35600,EMERALDS,9992,13,9990,26,,,10008,13,10010,26,,,10000.0,0.0
-1,35700,EMERALDS,9992,10,9990,27,,,10008,10,10010,27,,,10000.0,0.0
-1,35800,EMERALDS,9992,11,9990,30,,,10008,11,10010,30,,,10000.0,0.0
-1,35900,EMERALDS,9992,12,9990,21,,,10008,12,10010,21,,,10000.0,0.0
-1,36000,EMERALDS,9992,12,9990,30,,,10008,12,10010,30,,,10000.0,0.0
-1,36100,EMERALDS,9992,14,9990,24,,,10008,14,10010,24,,,10000.0,0.0
-1,36200,EMERALDS,9992,11,9990,29,,,10008,11,10010,29,,,10000.0,0.0
-1,36300,EMERALDS,9992,12,9990,21,,,10008,12,10010,21,,,10000.0,0.0
-1,36400,EMERALDS,9992,12,9990,20,,,10008,12,10010,20,,,10000.0,0.0
-1,36500,EMERALDS,9992,11,9990,25,,,10008,11,10010,25,,,10000.0,0.0
-1,36600,EMERALDS,9992,10,9990,28,,,10008,10,10010,28,,,10000.0,0.0
-1,36700,EMERALDS,9992,12,9990,21,,,10008,12,10010,21,,,10000.0,0.0
-1,36800,EMERALDS,9992,15,9990,30,,,10008,15,10010,30,,,10000.0,0.0
-1,36900,EMERALDS,9992,15,9990,26,,,10008,15,10010,26,,,10000.0,0.0
-1,37000,EMERALDS,9992,11,9990,23,,,10008,11,10010,23,,,10000.0,0.0
-1,37100,EMERALDS,9992,13,9990,21,,,10008,13,10010,21,,,10000.0,0.0
-1,37200,EMERALDS,9992,11,9990,20,,,10008,11,10010,20,,,10000.0,0.0
-1,37300,EMERALDS,9992,10,9990,27,,,10008,10,10010,27,,,10000.0,0.0
-1,37400,EMERALDS,9992,13,9990,30,,,10008,13,10010,30,,,10000.0,0.0
-1,37500,EMERALDS,9992,11,9990,25,,,10000,7,10008,11,10010.0,25.0,9996.0,0.0
-1,37600,EMERALDS,9992,10,9990,22,,,10008,10,10010,22,,,10000.0,0.0
-1,37700,EMERALDS,9992,14,9990,23,,,10008,14,10010,23,,,10000.0,0.0
-1,37800,EMERALDS,9992,14,9990,25,,,10008,14,10010,25,,,10000.0,0.0
-1,37900,EMERALDS,9992,14,9990,25,,,10008,14,10010,25,,,10000.0,0.0
-1,38000,EMERALDS,10000,5,9992,11,9990.0,30.0,10008,11,10010,30,,,10004.0,0.0
-1,38100,EMERALDS,9992,10,9990,26,,,10008,10,10010,26,,,10000.0,0.0
-1,38200,EMERALDS,9992,13,9990,27,,,10008,13,10010,27,,,10000.0,0.0
-1,38300,EMERALDS,9992,14,9990,26,,,10008,14,10010,26,,,10000.0,0.0
-1,38400,EMERALDS,10000,6,9992,15,9990.0,23.0,10008,15,10010,23,,,10004.0,0.0
-1,38500,EMERALDS,9992,11,9990,21,,,10008,11,10010,21,,,10000.0,0.0
-1,38600,EMERALDS,9992,13,9990,28,,,10008,13,10010,28,,,10000.0,0.0
-1,38700,EMERALDS,9992,15,9990,20,,,10008,15,10010,20,,,10000.0,0.0
-1,38800,EMERALDS,9992,13,9990,20,,,10008,13,10010,20,,,10000.0,0.0
-1,38900,EMERALDS,9992,12,9990,30,,,10008,12,10010,30,,,10000.0,0.0
-1,39000,EMERALDS,10000,10,9992,11,9990.0,23.0,10008,11,10010,23,,,10004.0,0.0
-1,39100,EMERALDS,9992,11,9990,24,,,10008,11,10010,24,,,10000.0,0.0
-1,39200,EMERALDS,9992,15,9990,29,,,10008,15,10010,29,,,10000.0,0.0
-1,39300,EMERALDS,9992,14,9990,27,,,10008,14,10010,27,,,10000.0,0.0
-1,39400,EMERALDS,9992,13,9990,30,,,10008,13,10010,30,,,10000.0,0.0
-1,39500,EMERALDS,9992,11,9990,27,,,10008,11,10010,27,,,10000.0,0.0
-1,39600,EMERALDS,9992,13,9990,23,,,10008,13,10010,23,,,10000.0,0.0
-1,39700,EMERALDS,9992,15,9990,22,,,10008,15,10010,22,,,10000.0,0.0
-1,39800,EMERALDS,9992,12,9990,27,,,10008,12,10010,27,,,10000.0,0.0
-1,39900,EMERALDS,9992,11,9990,30,,,10008,11,10010,30,,,10000.0,0.0
-1,40000,EMERALDS,9992,15,9990,22,,,10008,15,10010,22,,,10000.0,0.0
-1,40100,EMERALDS,9992,10,9990,29,,,10008,10,10010,29,,,10000.0,0.0
-1,40200,EMERALDS,9992,15,9990,28,,,10008,15,10010,28,,,10000.0,0.0
-1,40300,EMERALDS,9992,12,9990,22,,,10008,12,10010,22,,,10000.0,0.0
-1,40400,EMERALDS,9992,11,9990,23,,,10008,11,10010,23,,,10000.0,0.0
-1,40500,EMERALDS,9992,13,9990,27,,,10008,13,10010,27,,,10000.0,0.0
-1,40600,EMERALDS,9992,13,9990,24,,,10008,13,10010,24,,,10000.0,0.0
-1,40700,EMERALDS,9992,15,9990,20,,,10008,15,10010,20,,,10000.0,0.0
-1,40800,EMERALDS,9992,13,9990,27,,,10008,13,10010,27,,,10000.0,0.0
-1,40900,EMERALDS,9992,14,9990,26,,,10008,14,10010,26,,,10000.0,0.0
-1,41000,EMERALDS,9992,11,9990,21,,,10008,11,10010,21,,,10000.0,0.0
-1,41100,EMERALDS,9992,15,9990,27,,,10008,15,10010,27,,,10000.0,0.0
-1,41200,EMERALDS,9992,14,9990,29,,,10008,14,10010,29,,,10000.0,0.0
-1,41300,EMERALDS,9992,11,9990,24,,,10008,11,10010,24,,,10000.0,0.0
-1,41400,EMERALDS,9992,10,9990,23,,,10008,10,10010,23,,,10000.0,0.0
-1,41500,EMERALDS,9992,14,9990,20,,,10008,14,10010,20,,,10000.0,0.0
-1,41600,EMERALDS,9992,10,9990,22,,,10008,10,10010,22,,,10000.0,0.0
-1,41700,EMERALDS,9992,13,9990,21,,,10008,13,10010,21,,,10000.0,0.0
-1,41800,EMERALDS,9992,13,9990,22,,,10008,13,10010,22,,,10000.0,0.0
-1,41900,EMERALDS,9992,14,9990,21,,,10008,14,10010,21,,,10000.0,0.0
-1,42000,EMERALDS,9992,14,9990,30,,,10008,14,10010,30,,,10000.0,0.0
-1,42100,EMERALDS,9992,10,9990,21,,,10008,10,10010,21,,,10000.0,0.0
-1,42200,EMERALDS,9992,13,9990,28,,,10008,13,10010,28,,,10000.0,0.0
-1,42300,EMERALDS,9992,10,9990,20,,,10008,10,10010,20,,,10000.0,0.0
-1,42400,EMERALDS,9992,11,9990,29,,,10008,11,10010,29,,,10000.0,0.0
-1,42500,EMERALDS,9992,10,9990,24,,,10008,10,10010,24,,,10000.0,0.0
-1,42600,EMERALDS,9992,15,9990,26,,,10008,15,10010,26,,,10000.0,0.0
-1,42700,EMERALDS,9992,12,9990,26,,,10008,12,10010,26,,,10000.0,0.0
-1,42800,EMERALDS,9992,14,9990,30,,,10008,14,10010,30,,,10000.0,0.0
-1,42900,EMERALDS,9992,12,9990,25,,,10008,12,10010,25,,,10000.0,0.0
-1,43000,EMERALDS,9992,10,9990,23,,,10008,10,10010,23,,,10000.0,0.0
-1,43100,EMERALDS,9992,15,9990,21,,,10008,15,10010,21,,,10000.0,0.0
-1,43200,EMERALDS,9992,12,9990,20,,,10008,12,10010,20,,,10000.0,0.0
-1,43300,EMERALDS,9992,14,9990,24,,,10008,14,10010,24,,,10000.0,0.0
-1,43400,EMERALDS,9992,11,9990,22,,,10008,11,10010,22,,,10000.0,0.0
-1,43500,EMERALDS,9992,15,9990,23,,,10008,15,10010,23,,,10000.0,0.0
-1,43600,EMERALDS,9992,14,9990,21,,,10008,14,10010,21,,,10000.0,0.0
-1,43700,EMERALDS,9992,11,9990,23,,,10008,11,10010,23,,,10000.0,0.0
-1,43800,EMERALDS,9992,10,9990,26,,,10008,10,10010,26,,,10000.0,0.0
-1,43900,EMERALDS,9992,15,9990,29,,,10008,15,10010,29,,,10000.0,0.0
-1,44000,EMERALDS,9992,12,9990,20,,,10008,12,10010,20,,,10000.0,0.0
-1,44100,EMERALDS,9992,11,9990,24,,,10008,11,10010,24,,,10000.0,0.0
-1,44200,EMERALDS,9992,12,9990,21,,,10008,12,10010,21,,,10000.0,0.0
-1,44300,EMERALDS,9992,15,9990,27,,,10008,15,10010,27,,,10000.0,0.0
-1,44400,EMERALDS,9992,13,9990,28,,,10008,13,10010,28,,,10000.0,0.0
-1,44500,EMERALDS,9992,11,9990,21,,,10008,11,10010,21,,,10000.0,0.0
-1,44600,EMERALDS,9992,12,9990,23,,,10008,12,10010,23,,,10000.0,0.0
-1,44700,EMERALDS,9992,11,9990,29,,,10000,6,10008,11,10010.0,29.0,9996.0,0.0
-1,44800,EMERALDS,9992,15,9990,29,,,10008,15,10010,29,,,10000.0,0.0
-1,44900,EMERALDS,9992,14,9990,25,,,10008,14,10010,25,,,10000.0,0.0
-1,45000,EMERALDS,9992,13,9990,24,,,10008,13,10010,24,,,10000.0,0.0
-1,45100,EMERALDS,9992,11,9990,26,,,10008,11,10010,26,,,10000.0,0.0
-1,45200,EMERALDS,9992,10,9990,28,,,10008,10,10010,28,,,10000.0,0.0
-1,45300,EMERALDS,9992,12,9990,22,,,10008,12,10010,22,,,10000.0,0.0
-1,45400,EMERALDS,9992,13,9990,21,,,10008,13,10010,21,,,10000.0,0.0
-1,45500,EMERALDS,9992,11,9990,24,,,10008,11,10010,24,,,10000.0,0.0
-1,45600,EMERALDS,9992,11,9990,26,,,10008,11,10010,26,,,10000.0,0.0
-1,45700,EMERALDS,9992,14,9990,24,,,10008,14,10010,24,,,10000.0,0.0
-1,45800,EMERALDS,9992,11,9990,27,,,10008,11,10010,27,,,10000.0,0.0
-1,45900,EMERALDS,9992,11,9990,30,,,10008,11,10010,30,,,10000.0,0.0
-1,46000,EMERALDS,9992,11,9990,24,,,10008,11,10010,24,,,10000.0,0.0
-1,46100,EMERALDS,9992,14,9990,23,,,10008,14,10010,23,,,10000.0,0.0
-1,46200,EMERALDS,9992,14,9990,27,,,10008,14,10010,27,,,10000.0,0.0
-1,46300,EMERALDS,9992,12,9990,27,,,10008,12,10010,27,,,10000.0,0.0
-1,46400,EMERALDS,9992,13,9990,22,,,10008,13,10010,22,,,10000.0,0.0
-1,46500,EMERALDS,9992,13,9990,30,,,10008,13,10010,30,,,10000.0,0.0
-1,46600,EMERALDS,9992,14,9990,27,,,10008,14,10010,27,,,10000.0,0.0
-1,46700,EMERALDS,9992,15,9990,26,,,10008,15,10010,26,,,10000.0,0.0
-1,46800,EMERALDS,9992,12,9990,21,,,10008,12,10010,21,,,10000.0,0.0
-1,46900,EMERALDS,9992,15,9990,30,,,10008,15,10010,30,,,10000.0,0.0
-1,47000,EMERALDS,9992,12,9990,20,,,10008,12,10010,20,,,10000.0,0.0
-1,47100,EMERALDS,9992,15,9990,24,,,10008,15,10010,24,,,10000.0,0.0
-1,47200,EMERALDS,9992,11,9990,28,,,10008,11,10010,28,,,10000.0,0.0
-1,47300,EMERALDS,9992,13,9990,25,,,10008,13,10010,25,,,10000.0,0.0
-1,47400,EMERALDS,9992,15,9990,24,,,10008,15,10010,24,,,10000.0,0.0
-1,47500,EMERALDS,9992,15,9990,30,,,10008,15,10010,30,,,10000.0,0.0
-1,47600,EMERALDS,9992,14,9990,27,,,10008,14,10010,27,,,10000.0,0.0
-1,47700,EMERALDS,9992,10,9990,22,,,10008,10,10010,22,,,10000.0,0.0
-1,47800,EMERALDS,9992,15,9990,22,,,10008,15,10010,22,,,10000.0,0.0
-1,47900,EMERALDS,9992,11,9990,27,,,10008,11,10010,27,,,10000.0,0.0
-1,48000,EMERALDS,9992,13,9990,27,,,10008,13,10010,27,,,10000.0,0.0
-1,48100,EMERALDS,9992,13,9990,21,,,10008,13,10010,21,,,10000.0,0.0
-1,48200,EMERALDS,9992,13,9990,25,,,10008,13,10010,25,,,10000.0,0.0
-1,48300,EMERALDS,9992,13,9990,28,,,10008,13,10010,28,,,10000.0,0.0
-1,48400,EMERALDS,9992,14,9990,27,,,10008,14,10010,27,,,10000.0,0.0
-1,48500,EMERALDS,9992,15,9990,29,,,10008,15,10010,29,,,10000.0,0.0
-1,48600,EMERALDS,9992,11,9990,28,,,10008,11,10010,28,,,10000.0,0.0
-1,48700,EMERALDS,9992,10,9990,22,,,10008,10,10010,22,,,10000.0,0.0
-1,48800,EMERALDS,9992,13,9990,23,,,10008,13,10010,23,,,10000.0,0.0
-1,48900,EMERALDS,9992,11,9990,27,,,10008,11,10010,27,,,10000.0,0.0
-1,49000,EMERALDS,9992,12,9990,30,,,10008,12,10010,30,,,10000.0,0.0
-1,49100,EMERALDS,9992,15,9990,30,,,10008,15,10010,30,,,10000.0,0.0
-1,49200,EMERALDS,10000,7,9992,11,9990.0,20.0,10008,11,10010,20,,,10004.0,0.0
-1,49300,EMERALDS,9992,13,9990,21,,,10008,13,10010,21,,,10000.0,0.0
-1,49400,EMERALDS,9992,11,9990,20,,,10008,11,10010,20,,,10000.0,0.0
-1,49500,EMERALDS,9992,13,9990,30,,,10008,13,10010,30,,,10000.0,0.0
-1,49600,EMERALDS,9992,13,9990,24,,,10008,13,10010,24,,,10000.0,0.0
-1,49700,EMERALDS,9992,14,9990,26,,,10008,14,10010,26,,,10000.0,0.0
-1,49800,EMERALDS,9992,11,9990,23,,,10008,11,10010,23,,,10000.0,0.0
-1,49900,EMERALDS,9992,10,9990,23,,,10008,10,10010,23,,,10000.0,0.0
-1,50000,EMERALDS,9992,14,9990,20,,,10008,14,10010,20,,,10000.0,0.0
-1,50100,EMERALDS,9992,13,9990,24,,,10008,13,10010,24,,,10000.0,0.0
-1,50200,EMERALDS,9992,13,9990,24,,,10008,13,10010,24,,,10000.0,0.0
-1,50300,EMERALDS,9992,15,9990,30,,,10008,15,10010,30,,,10000.0,0.0
-1,50400,EMERALDS,9992,12,9990,22,,,10008,12,10010,22,,,10000.0,0.0
-1,50500,EMERALDS,9992,15,9990,23,,,10008,15,10010,23,,,10000.0,0.0
-1,50600,EMERALDS,9992,14,9990,21,,,10008,14,10010,21,,,10000.0,0.0
-1,50700,EMERALDS,9992,14,9990,22,,,10008,14,10010,22,,,10000.0,0.0
-1,50800,EMERALDS,9992,12,9990,22,,,10008,12,10010,22,,,10000.0,0.0
-1,50900,EMERALDS,9992,15,9990,27,,,10008,15,10010,27,,,10000.0,0.0
-1,51000,EMERALDS,9992,13,9990,26,,,10008,13,10010,26,,,10000.0,0.0
-1,51100,EMERALDS,9992,12,9990,25,,,10008,12,10010,25,,,10000.0,0.0
-1,51200,EMERALDS,9992,10,9990,28,,,10008,10,10010,28,,,10000.0,0.0
-1,51300,EMERALDS,9992,14,9990,24,,,10008,14,10010,24,,,10000.0,0.0
-1,51400,EMERALDS,9992,12,9990,30,,,10008,12,10010,30,,,10000.0,0.0
-1,51500,EMERALDS,9992,11,9990,30,,,10008,11,10010,30,,,10000.0,0.0
-1,51600,EMERALDS,9992,12,9990,22,,,10008,12,10010,22,,,10000.0,0.0
-1,51700,EMERALDS,9992,13,9990,20,,,10008,13,10010,20,,,10000.0,0.0
-1,51800,EMERALDS,10000,10,9992,14,9990.0,24.0,10008,14,10010,24,,,10004.0,0.0
-1,51900,EMERALDS,9992,10,9990,23,,,10008,10,10010,23,,,10000.0,0.0
-1,52000,EMERALDS,10000,6,9992,10,9990.0,29.0,10008,10,10010,29,,,10004.0,0.0
-1,52100,EMERALDS,9992,14,9990,21,,,10008,14,10010,21,,,10000.0,0.0
-1,52200,EMERALDS,9992,15,9990,29,,,10008,15,10010,29,,,10000.0,0.0
-1,52300,EMERALDS,9992,14,9990,27,,,10008,14,10010,27,,,10000.0,0.0
-1,52400,EMERALDS,9992,14,9990,29,,,10008,14,10010,29,,,10000.0,0.0
-1,52500,EMERALDS,9992,12,9990,27,,,10008,12,10010,27,,,10000.0,0.0
-1,52600,EMERALDS,9992,13,9990,22,,,10008,13,10010,22,,,10000.0,0.0
-1,52700,EMERALDS,9992,14,9990,25,,,10008,14,10010,25,,,10000.0,0.0
-1,52800,EMERALDS,9992,13,9990,26,,,10008,13,10010,26,,,10000.0,0.0
-1,52900,EMERALDS,9992,10,9990,30,,,10008,10,10010,30,,,10000.0,0.0
-1,53000,EMERALDS,9992,12,9990,20,,,10008,12,10010,20,,,10000.0,0.0
-1,53100,EMERALDS,9992,13,9990,24,,,10008,13,10010,24,,,10000.0,0.0
-1,53200,EMERALDS,9992,15,9990,30,,,10008,15,10010,30,,,10000.0,0.0
-1,53300,EMERALDS,9992,11,9990,29,,,10008,11,10010,29,,,10000.0,0.0
-1,53400,EMERALDS,9992,14,9990,23,,,10008,14,10010,23,,,10000.0,0.0
-1,53500,EMERALDS,9992,11,9990,21,,,10008,11,10010,21,,,10000.0,0.0
-1,53600,EMERALDS,9992,15,9990,24,,,10008,15,10010,24,,,10000.0,0.0
-1,53700,EMERALDS,9992,12,9990,30,,,10000,7,10008,12,10010.0,30.0,9996.0,0.0
-1,53800,EMERALDS,9992,12,9990,30,,,10008,12,10010,30,,,10000.0,0.0
-1,53900,EMERALDS,10000,10,9992,13,9990.0,25.0,10008,13,10010,25,,,10004.0,0.0
-1,54000,EMERALDS,9992,13,9990,30,,,10008,13,10010,30,,,10000.0,0.0
-1,54100,EMERALDS,9992,10,9990,22,,,10008,10,10010,22,,,10000.0,0.0
-1,54200,EMERALDS,9992,10,9990,28,,,10008,10,10010,28,,,10000.0,0.0
-1,54300,EMERALDS,9992,10,9990,23,,,10008,10,10010,23,,,10000.0,0.0
-1,54400,EMERALDS,9992,13,9990,29,,,10008,13,10010,29,,,10000.0,0.0
-1,54500,EMERALDS,9992,10,9990,20,,,10008,10,10010,20,,,10000.0,0.0
-1,54600,EMERALDS,9992,11,9990,27,,,10008,11,10010,27,,,10000.0,0.0
-1,54700,EMERALDS,9992,12,9990,27,,,10008,12,10010,27,,,10000.0,0.0
-1,54800,EMERALDS,9992,14,9990,27,,,10008,14,10010,27,,,10000.0,0.0
-1,54900,EMERALDS,9992,14,9990,28,,,10008,14,10010,28,,,10000.0,0.0
-1,55000,EMERALDS,9992,12,9990,28,,,10008,12,10010,28,,,10000.0,0.0
-1,55100,EMERALDS,10000,9,9992,12,9990.0,29.0,10008,12,10010,29,,,10004.0,0.0
-1,55200,EMERALDS,9992,10,9990,21,,,10008,10,10010,21,,,10000.0,0.0
-1,55300,EMERALDS,9992,15,9990,27,,,10008,15,10010,27,,,10000.0,0.0
-1,55400,EMERALDS,9992,12,9990,21,,,10008,12,10010,21,,,10000.0,0.0
-1,55500,EMERALDS,9992,11,9990,25,,,10008,11,10010,25,,,10000.0,0.0
-1,55600,EMERALDS,9992,11,9990,26,,,10008,11,10010,26,,,10000.0,0.0
-1,55700,EMERALDS,9992,12,9990,21,,,10008,12,10010,21,,,10000.0,0.0
-1,55800,EMERALDS,9992,15,9990,26,,,10008,15,10010,26,,,10000.0,0.0
-1,55900,EMERALDS,9992,13,9990,22,,,10008,13,10010,22,,,10000.0,0.0
-1,56000,EMERALDS,9992,12,9990,22,,,10008,12,10010,22,,,10000.0,0.0
-1,56100,EMERALDS,9992,15,9990,20,,,10008,15,10010,20,,,10000.0,0.0
-1,56200,EMERALDS,9992,14,9990,29,,,10008,14,10010,29,,,10000.0,0.0
-1,56300,EMERALDS,9992,12,9990,25,,,10008,12,10010,25,,,10000.0,0.0
-1,56400,EMERALDS,9992,15,9990,30,,,10008,15,10010,30,,,10000.0,0.0
-1,56500,EMERALDS,9992,12,9990,27,,,10008,12,10010,27,,,10000.0,0.0
-1,56600,EMERALDS,9992,10,9990,29,,,10008,10,10010,29,,,10000.0,0.0
-1,56700,EMERALDS,9992,13,9990,24,,,10008,13,10010,24,,,10000.0,0.0
-1,56800,EMERALDS,9992,12,9990,22,,,10008,12,10010,22,,,10000.0,0.0
-1,56900,EMERALDS,9992,10,9990,20,,,10008,10,10010,20,,,10000.0,0.0
-1,57000,EMERALDS,9992,11,9990,27,,,10008,11,10010,27,,,10000.0,0.0
-1,57100,EMERALDS,9992,13,9990,25,,,10008,13,10010,25,,,10000.0,0.0
-1,57200,EMERALDS,9992,11,9990,26,,,10008,11,10010,26,,,10000.0,0.0
-1,57300,EMERALDS,9992,13,9990,26,,,10008,13,10010,26,,,10000.0,0.0
-1,57400,EMERALDS,9992,10,9990,24,,,10008,10,10010,24,,,10000.0,0.0
-1,57500,EMERALDS,9992,11,9990,23,,,10008,11,10010,23,,,10000.0,0.0
-1,57600,EMERALDS,9992,11,9990,24,,,10008,11,10010,24,,,10000.0,0.0
-1,57700,EMERALDS,9992,10,9990,29,,,10008,10,10010,29,,,10000.0,0.0
-1,57800,EMERALDS,9992,14,9990,29,,,10008,14,10010,29,,,10000.0,0.0
-1,57900,EMERALDS,9992,15,9990,25,,,10008,15,10010,25,,,10000.0,0.0
-1,58000,EMERALDS,9992,10,9990,24,,,10008,10,10010,24,,,10000.0,0.0
-1,58100,EMERALDS,9992,11,9990,23,,,10008,11,10010,23,,,10000.0,0.0
-1,58200,EMERALDS,9992,15,9990,30,,,10008,15,10010,30,,,10000.0,0.0
-1,58300,EMERALDS,9992,10,9990,29,,,10008,10,10010,29,,,10000.0,0.0
-1,58400,EMERALDS,9992,13,9990,21,,,10008,13,10010,21,,,10000.0,0.0
-1,58500,EMERALDS,9992,10,9990,21,,,10008,10,10010,21,,,10000.0,0.0
-1,58600,EMERALDS,9992,11,9990,25,,,10008,11,10010,25,,,10000.0,0.0
-1,58700,EMERALDS,9992,14,9990,30,,,10008,14,10010,30,,,10000.0,0.0
-1,58800,EMERALDS,9992,15,9990,29,,,10008,15,10010,29,,,10000.0,0.0
-1,58900,EMERALDS,9992,11,9990,24,,,10008,11,10010,24,,,10000.0,0.0
-1,59000,EMERALDS,9992,13,9990,20,,,10008,13,10010,20,,,10000.0,0.0
-1,59100,EMERALDS,9992,12,9990,27,,,10008,12,10010,27,,,10000.0,0.0
-1,59200,EMERALDS,9992,14,9990,29,,,10008,14,10010,29,,,10000.0,0.0
-1,59300,EMERALDS,9992,12,9990,26,,,10008,12,10010,26,,,10000.0,0.0
-1,59400,EMERALDS,9992,10,9990,21,,,10008,10,10010,21,,,10000.0,0.0
-1,59500,EMERALDS,9992,14,9990,23,,,10008,14,10010,23,,,10000.0,0.0
-1,59600,EMERALDS,9992,10,9990,27,,,10008,10,10010,27,,,10000.0,0.0
-1,59700,EMERALDS,9992,11,9990,21,,,10008,11,10010,21,,,10000.0,0.0
-1,59800,EMERALDS,9992,11,9990,24,,,10008,11,10010,24,,,10000.0,0.0
-1,59900,EMERALDS,9992,10,9990,23,,,10008,10,10010,23,,,10000.0,0.0
-1,60000,EMERALDS,9992,14,9990,22,,,10008,14,10010,22,,,10000.0,0.0
-1,60100,EMERALDS,9992,12,9990,25,,,10008,12,10010,25,,,10000.0,0.0
-1,60200,EMERALDS,9992,15,9990,25,,,10008,15,10010,25,,,10000.0,0.0
-1,60300,EMERALDS,9992,15,9990,27,,,10008,15,10010,27,,,10000.0,0.0
-1,60400,EMERALDS,9992,14,9990,20,,,10008,14,10010,20,,,10000.0,0.0
-1,60500,EMERALDS,9992,14,9990,23,,,10008,14,10010,23,,,10000.0,0.0
-1,60600,EMERALDS,9992,12,9990,22,,,10008,12,10010,22,,,10000.0,0.0
-1,60700,EMERALDS,9992,15,9990,22,,,10008,15,10010,22,,,10000.0,0.0
-1,60800,EMERALDS,9992,15,9990,30,,,10008,15,10010,30,,,10000.0,0.0
-1,60900,EMERALDS,9992,10,9990,29,,,10008,10,10010,29,,,10000.0,0.0
-1,61000,EMERALDS,9992,14,9990,28,,,10008,14,10010,28,,,10000.0,0.0
-1,61100,EMERALDS,9992,11,9990,29,,,10008,11,10010,29,,,10000.0,0.0
-1,61200,EMERALDS,9992,11,9990,21,,,10008,11,10010,21,,,10000.0,0.0
-1,61300,EMERALDS,9992,15,9990,22,,,10008,15,10010,22,,,10000.0,0.0
-1,61400,EMERALDS,9992,14,9990,30,,,10008,14,10010,30,,,10000.0,0.0
-1,61500,EMERALDS,9992,13,9990,27,,,10008,13,10010,27,,,10000.0,0.0
-1,61600,EMERALDS,9992,10,9990,28,,,10008,10,10010,28,,,10000.0,0.0
-1,61700,EMERALDS,9992,10,9990,26,,,10008,10,10010,26,,,10000.0,0.0
-1,61800,EMERALDS,9992,12,9990,20,,,10008,12,10010,20,,,10000.0,0.0
-1,61900,EMERALDS,9992,12,9990,26,,,10008,12,10010,26,,,10000.0,0.0
-1,62000,EMERALDS,9992,15,9990,20,,,10008,15,10010,20,,,10000.0,0.0
-1,62100,EMERALDS,9992,11,9990,23,,,10008,11,10010,23,,,10000.0,0.0
-1,62200,EMERALDS,9992,11,9990,25,,,10008,11,10010,25,,,10000.0,0.0
-1,62300,EMERALDS,9992,15,9990,22,,,10008,15,10010,22,,,10000.0,0.0
-1,62400,EMERALDS,9992,10,9990,23,,,10008,10,10010,23,,,10000.0,0.0
-1,62500,EMERALDS,9992,12,9990,23,,,10008,12,10010,23,,,10000.0,0.0
-1,62600,EMERALDS,9992,14,9990,29,,,10008,14,10010,29,,,10000.0,0.0
-1,62700,EMERALDS,9992,15,9990,24,,,10008,15,10010,24,,,10000.0,0.0
-1,62800,EMERALDS,9992,11,9990,26,,,10008,11,10010,26,,,10000.0,0.0
-1,62900,EMERALDS,9992,12,9990,27,,,10008,12,10010,27,,,10000.0,0.0
-1,63000,EMERALDS,9992,14,9990,29,,,10008,14,10010,29,,,10000.0,0.0
-1,63100,EMERALDS,9992,15,9990,24,,,10008,15,10010,24,,,10000.0,0.0
-1,63200,EMERALDS,9992,15,9990,28,,,10008,15,10010,28,,,10000.0,0.0
-1,63300,EMERALDS,9992,14,9990,30,,,10008,14,10010,30,,,10000.0,0.0
-1,63400,EMERALDS,9992,13,9990,24,,,10008,13,10010,24,,,10000.0,0.0
-1,63500,EMERALDS,9992,12,9990,20,,,10008,12,10010,20,,,10000.0,0.0
-1,63600,EMERALDS,9992,12,9990,21,,,10008,12,10010,21,,,10000.0,0.0
-1,63700,EMERALDS,9992,11,9990,28,,,10008,11,10010,28,,,10000.0,0.0
-1,63800,EMERALDS,9992,15,9990,21,,,10008,15,10010,21,,,10000.0,0.0
-1,63900,EMERALDS,9992,14,9990,21,,,10008,14,10010,21,,,10000.0,0.0
-1,64000,EMERALDS,9992,14,9990,30,,,10008,14,10010,30,,,10000.0,0.0
-1,64100,EMERALDS,9992,13,9990,27,,,10008,13,10010,27,,,10000.0,0.0
-1,64200,EMERALDS,9992,14,9990,24,,,10008,14,10010,24,,,10000.0,0.0
-1,64300,EMERALDS,9992,15,9990,22,,,10008,15,10010,22,,,10000.0,0.0
-1,64400,EMERALDS,9992,11,9990,27,,,10008,11,10010,27,,,10000.0,0.0
-1,64500,EMERALDS,9992,12,9990,27,,,10008,12,10010,27,,,10000.0,0.0
-1,64600,EMERALDS,9992,11,9990,26,,,10008,11,10010,26,,,10000.0,0.0
-1,64700,EMERALDS,9992,10,9990,28,,,10008,10,10010,28,,,10000.0,0.0
-1,64800,EMERALDS,9992,10,9990,30,,,10008,10,10010,30,,,10000.0,0.0
-1,64900,EMERALDS,9992,12,9990,29,,,10008,12,10010,29,,,10000.0,0.0
-1,65000,EMERALDS,9992,13,9990,25,,,10008,13,10010,25,,,10000.0,0.0
-1,65100,EMERALDS,9992,13,9990,23,,,10008,13,10010,23,,,10000.0,0.0
-1,65200,EMERALDS,9992,10,9990,29,,,10008,10,10010,29,,,10000.0,0.0
-1,65300,EMERALDS,9992,11,9990,21,,,10008,11,10010,21,,,10000.0,0.0
-1,65400,EMERALDS,9992,12,9990,26,,,10008,12,10010,26,,,10000.0,0.0
-1,65500,EMERALDS,9992,11,9990,27,,,10008,11,10010,27,,,10000.0,0.0
-1,65600,EMERALDS,9992,11,9990,20,,,10008,11,10010,20,,,10000.0,0.0
-1,65700,EMERALDS,9992,15,9990,29,,,10008,15,10010,29,,,10000.0,0.0
-1,65800,EMERALDS,9992,11,9990,20,,,10008,11,10010,20,,,10000.0,0.0
-1,65900,EMERALDS,9992,12,9990,23,,,10008,12,10010,23,,,10000.0,0.0
-1,66000,EMERALDS,9992,10,9990,22,,,10008,10,10010,22,,,10000.0,0.0
-1,66100,EMERALDS,9992,11,9990,26,,,10008,11,10010,26,,,10000.0,0.0
-1,66200,EMERALDS,9992,10,9990,20,,,10008,10,10010,20,,,10000.0,0.0
-1,66300,EMERALDS,9992,12,9990,24,,,10008,12,10010,24,,,10000.0,0.0
-1,66400,EMERALDS,9992,14,9990,21,,,10008,14,10010,21,,,10000.0,0.0
-1,66500,EMERALDS,9992,15,9990,20,,,10008,15,10010,20,,,10000.0,0.0
-1,66600,EMERALDS,9992,14,9990,22,,,10008,14,10010,22,,,10000.0,0.0
-1,66700,EMERALDS,9992,15,9990,27,,,10008,15,10010,27,,,10000.0,0.0
-1,66800,EMERALDS,9992,10,9990,30,,,10008,10,10010,30,,,10000.0,0.0
-1,66900,EMERALDS,9992,10,9990,23,,,10008,10,10010,23,,,10000.0,0.0
-1,67000,EMERALDS,9992,12,9990,24,,,10008,12,10010,24,,,10000.0,0.0
-1,67100,EMERALDS,9992,14,9990,23,,,10008,14,10010,23,,,10000.0,0.0
-1,67200,EMERALDS,9992,10,9990,20,,,10008,10,10010,20,,,10000.0,0.0
-1,67300,EMERALDS,9992,11,9990,30,,,10000,8,10008,11,10010.0,30.0,9996.0,0.0
-1,67400,EMERALDS,9992,12,9990,25,,,10008,12,10010,25,,,10000.0,0.0
-1,67500,EMERALDS,9992,10,9990,21,,,10008,10,10010,21,,,10000.0,0.0
-1,67600,EMERALDS,9992,13,9990,25,,,10008,13,10010,25,,,10000.0,0.0
-1,67700,EMERALDS,9992,12,9990,29,,,10008,12,10010,29,,,10000.0,0.0
-1,67800,EMERALDS,9992,12,9990,30,,,10008,12,10010,30,,,10000.0,0.0
-1,67900,EMERALDS,9992,15,9990,25,,,10008,15,10010,25,,,10000.0,0.0
-1,68000,EMERALDS,9992,15,9990,21,,,10008,15,10010,21,,,10000.0,0.0
-1,68100,EMERALDS,9992,14,9990,29,,,10008,14,10010,29,,,10000.0,0.0
-1,68200,EMERALDS,9992,15,9990,29,,,10008,15,10010,29,,,10000.0,0.0
-1,68300,EMERALDS,9992,13,9990,28,,,10008,13,10010,28,,,10000.0,0.0
-1,68400,EMERALDS,9992,10,9990,26,,,10008,10,10010,26,,,10000.0,0.0
-1,68500,EMERALDS,9992,11,9990,23,,,10008,11,10010,23,,,10000.0,0.0
-1,68600,EMERALDS,9992,12,9990,24,,,10008,12,10010,24,,,10000.0,0.0
-1,68700,EMERALDS,10000,6,9992,12,9990.0,27.0,10008,12,10010,27,,,10004.0,0.0
-1,68800,EMERALDS,9992,10,9990,22,,,10008,10,10010,22,,,10000.0,0.0
-1,68900,EMERALDS,9992,13,9990,27,,,10008,13,10010,27,,,10000.0,0.0
-1,69000,EMERALDS,9992,12,9990,28,,,10008,12,10010,28,,,10000.0,0.0
-1,69100,EMERALDS,9992,10,9990,30,,,10008,10,10010,30,,,10000.0,0.0
-1,69200,EMERALDS,9992,13,9990,28,,,10008,13,10010,28,,,10000.0,0.0
-1,69300,EMERALDS,9992,12,9990,21,,,10008,12,10010,21,,,10000.0,0.0
-1,69400,EMERALDS,9992,14,9990,25,,,10008,14,10010,25,,,10000.0,0.0
-1,69500,EMERALDS,9992,14,9990,24,,,10008,14,10010,24,,,10000.0,0.0
-1,69600,EMERALDS,9992,12,9990,23,,,10008,12,10010,23,,,10000.0,0.0
-1,69700,EMERALDS,9992,11,9990,20,,,10008,11,10010,20,,,10000.0,0.0
-1,69800,EMERALDS,9992,13,9990,23,,,10008,13,10010,23,,,10000.0,0.0
-1,69900,EMERALDS,9992,14,9990,27,,,10008,14,10010,27,,,10000.0,0.0
-1,70000,EMERALDS,9992,12,9990,27,,,10008,12,10010,27,,,10000.0,0.0
-1,70100,EMERALDS,9992,12,9990,22,,,10008,12,10010,22,,,10000.0,0.0
-1,70200,EMERALDS,9992,13,9990,21,,,10008,13,10010,21,,,10000.0,0.0
-1,70300,EMERALDS,9992,11,9990,25,,,10008,11,10010,25,,,10000.0,0.0
-1,70400,EMERALDS,9992,14,9990,26,,,10008,14,10010,26,,,10000.0,0.0
-1,70500,EMERALDS,9992,14,9990,23,,,10008,14,10010,23,,,10000.0,0.0
-1,70600,EMERALDS,9992,15,9990,27,,,10008,15,10010,27,,,10000.0,0.0
-1,70700,EMERALDS,9992,15,9990,26,,,10008,15,10010,26,,,10000.0,0.0
-1,70800,EMERALDS,9992,10,9990,27,,,10008,10,10010,27,,,10000.0,0.0
-1,70900,EMERALDS,9992,14,9990,30,,,10000,9,10008,14,10010.0,30.0,9996.0,0.0
-1,71000,EMERALDS,9992,12,9990,29,,,10008,12,10010,29,,,10000.0,0.0
-1,71100,EMERALDS,9992,13,9990,21,,,10008,13,10010,21,,,10000.0,0.0
-1,71200,EMERALDS,9992,10,9990,28,,,10000,7,10008,10,10010.0,28.0,9996.0,0.0
-1,71300,EMERALDS,9992,14,9990,26,,,10008,14,10010,26,,,10000.0,0.0
-1,71400,EMERALDS,9992,11,9990,24,,,10008,11,10010,24,,,10000.0,0.0
-1,71500,EMERALDS,9992,15,9990,26,,,10008,15,10010,26,,,10000.0,0.0
-1,71600,EMERALDS,9992,14,9990,27,,,10008,14,10010,27,,,10000.0,0.0
-1,71700,EMERALDS,9992,13,9990,29,,,10008,13,10010,29,,,10000.0,0.0
-1,71800,EMERALDS,9992,11,9990,25,,,10008,11,10010,25,,,10000.0,0.0
-1,71900,EMERALDS,9992,15,9990,25,,,10008,15,10010,25,,,10000.0,0.0
-1,72000,EMERALDS,9992,14,9990,20,,,10008,14,10010,20,,,10000.0,0.0
-1,72100,EMERALDS,9992,13,9990,21,,,10008,13,10010,21,,,10000.0,0.0
-1,72200,EMERALDS,9992,13,9990,29,,,10008,13,10010,29,,,10000.0,0.0
-1,72300,EMERALDS,9992,10,9990,22,,,10008,10,10010,22,,,10000.0,0.0
-1,72400,EMERALDS,9992,14,9990,20,,,10008,14,10010,20,,,10000.0,0.0
-1,72500,EMERALDS,9992,12,9990,25,,,10008,12,10010,25,,,10000.0,0.0
-1,72600,EMERALDS,9992,10,9990,27,,,10008,10,10010,27,,,10000.0,0.0
-1,72700,EMERALDS,9992,13,9990,23,,,10008,13,10010,23,,,10000.0,0.0
-1,72800,EMERALDS,9992,12,9990,20,,,10008,12,10010,20,,,10000.0,0.0
-1,72900,EMERALDS,9992,15,9990,22,,,10008,15,10010,22,,,10000.0,0.0
-1,73000,EMERALDS,9992,12,9990,21,,,10008,12,10010,21,,,10000.0,0.0
-1,73100,EMERALDS,9992,10,9990,29,,,10008,10,10010,29,,,10000.0,0.0
-1,73200,EMERALDS,9992,11,9990,21,,,10008,11,10010,21,,,10000.0,0.0
-1,73300,EMERALDS,9992,13,9990,29,,,10008,13,10010,29,,,10000.0,0.0
-1,73400,EMERALDS,9992,12,9990,30,,,10008,12,10010,30,,,10000.0,0.0
-1,73500,EMERALDS,9992,12,9990,23,,,10008,12,10010,23,,,10000.0,0.0
-1,73600,EMERALDS,9992,10,9990,24,,,10008,10,10010,24,,,10000.0,0.0
-1,73700,EMERALDS,9992,15,9990,24,,,10008,15,10010,24,,,10000.0,0.0
-1,73800,EMERALDS,9992,14,9990,24,,,10008,14,10010,24,,,10000.0,0.0
-1,73900,EMERALDS,9992,13,9990,30,,,10008,13,10010,30,,,10000.0,0.0
-1,74000,EMERALDS,9992,13,9990,24,,,10008,13,10010,24,,,10000.0,0.0
-1,74100,EMERALDS,9992,11,9990,30,,,10008,11,10010,30,,,10000.0,0.0
-1,74200,EMERALDS,9992,13,9990,20,,,10008,13,10010,20,,,10000.0,0.0
-1,74300,EMERALDS,9992,12,9990,30,,,10008,12,10010,30,,,10000.0,0.0
-1,74400,EMERALDS,9992,14,9990,30,,,10008,14,10010,30,,,10000.0,0.0
-1,74500,EMERALDS,9992,13,9990,29,,,10008,13,10010,29,,,10000.0,0.0
-1,74600,EMERALDS,9992,10,9990,29,,,10008,10,10010,29,,,10000.0,0.0
-1,74700,EMERALDS,10000,10,9992,15,9990.0,30.0,10008,15,10010,30,,,10004.0,0.0
-1,74800,EMERALDS,9992,14,9990,25,,,10008,14,10010,25,,,10000.0,0.0
-1,74900,EMERALDS,9992,13,9990,30,,,10008,13,10010,30,,,10000.0,0.0
-1,75000,EMERALDS,9992,11,9990,27,,,10008,11,10010,27,,,10000.0,0.0
-1,75100,EMERALDS,9992,12,9990,30,,,10008,12,10010,30,,,10000.0,0.0
-1,75200,EMERALDS,9992,10,9990,24,,,10008,10,10010,24,,,10000.0,0.0
-1,75300,EMERALDS,9992,14,9990,28,,,10008,14,10010,28,,,10000.0,0.0
-1,75400,EMERALDS,9992,13,9990,30,,,10008,13,10010,30,,,10000.0,0.0
-1,75500,EMERALDS,9992,13,9990,28,,,10008,13,10010,28,,,10000.0,0.0
-1,75600,EMERALDS,9992,11,9990,26,,,10008,11,10010,26,,,10000.0,0.0
-1,75700,EMERALDS,9992,14,9990,26,,,10008,14,10010,26,,,10000.0,0.0
-1,75800,EMERALDS,9992,12,9990,29,,,10008,12,10010,29,,,10000.0,0.0
-1,75900,EMERALDS,9992,12,9990,21,,,10008,12,10010,21,,,10000.0,0.0
-1,76000,EMERALDS,9992,12,9990,30,,,10008,12,10010,30,,,10000.0,0.0
-1,76100,EMERALDS,9992,12,9990,20,,,10008,12,10010,20,,,10000.0,0.0
-1,76200,EMERALDS,9992,14,9990,21,,,10008,14,10010,21,,,10000.0,0.0
-1,76300,EMERALDS,9992,13,9990,27,,,10008,13,10010,27,,,10000.0,0.0
-1,76400,EMERALDS,9992,12,9990,28,,,10008,12,10010,28,,,10000.0,0.0
-1,76500,EMERALDS,9992,13,9990,27,,,10008,13,10010,27,,,10000.0,0.0
-1,76600,EMERALDS,9992,13,9990,28,,,10008,13,10010,28,,,10000.0,0.0
-1,76700,EMERALDS,9992,10,9990,25,,,10008,10,10010,25,,,10000.0,0.0
-1,76800,EMERALDS,9992,12,9990,25,,,10008,12,10010,25,,,10000.0,0.0
-1,76900,EMERALDS,9992,15,9990,24,,,10008,15,10010,24,,,10000.0,0.0
-1,77000,EMERALDS,9992,15,9990,26,,,10008,15,10010,26,,,10000.0,0.0
-1,77100,EMERALDS,9992,10,9990,29,,,10008,10,10010,29,,,10000.0,0.0
-1,77200,EMERALDS,9992,15,9990,27,,,10008,15,10010,27,,,10000.0,0.0
-1,77300,EMERALDS,9992,11,9990,22,,,10008,11,10010,22,,,10000.0,0.0
-1,77400,EMERALDS,9992,11,9990,30,,,10008,11,10010,30,,,10000.0,0.0
-1,77500,EMERALDS,9992,15,9990,28,,,10008,15,10010,28,,,10000.0,0.0
-1,77600,EMERALDS,9992,12,9990,25,,,10008,12,10010,25,,,10000.0,0.0
-1,77700,EMERALDS,9992,12,9990,26,,,10008,12,10010,26,,,10000.0,0.0
-1,77800,EMERALDS,9992,10,9990,25,,,10008,10,10010,25,,,10000.0,0.0
-1,77900,EMERALDS,9992,11,9990,30,,,10008,11,10010,30,,,10000.0,0.0
-1,78000,EMERALDS,9992,12,9990,23,,,10008,12,10010,23,,,10000.0,0.0
-1,78100,EMERALDS,9992,13,9990,22,,,10008,13,10010,22,,,10000.0,0.0
-1,78200,EMERALDS,9992,10,9990,27,,,10008,10,10010,27,,,10000.0,0.0
-1,78300,EMERALDS,9992,13,9990,30,,,10008,13,10010,30,,,10000.0,0.0
-1,78400,EMERALDS,9992,12,9990,26,,,10008,12,10010,26,,,10000.0,0.0
-1,78500,EMERALDS,9992,10,9990,22,,,10008,10,10010,22,,,10000.0,0.0
-1,78600,EMERALDS,9992,11,9990,22,,,10008,11,10010,22,,,10000.0,0.0
-1,78700,EMERALDS,9992,12,9990,30,,,10008,12,10010,30,,,10000.0,0.0
-1,78800,EMERALDS,9992,11,9990,23,,,10008,11,10010,23,,,10000.0,0.0
-1,78900,EMERALDS,9992,14,9990,26,,,10008,14,10010,26,,,10000.0,0.0
-1,79000,EMERALDS,9992,10,9990,28,,,10008,10,10010,28,,,10000.0,0.0
-1,79100,EMERALDS,9992,13,9990,23,,,10008,13,10010,23,,,10000.0,0.0
-1,79200,EMERALDS,9992,11,9990,20,,,10008,11,10010,20,,,10000.0,0.0
-1,79300,EMERALDS,9992,14,9990,29,,,10008,14,10010,29,,,10000.0,0.0
-1,79400,EMERALDS,9992,14,9990,26,,,10008,14,10010,26,,,10000.0,0.0
-1,79500,EMERALDS,9992,10,9990,24,,,10008,10,10010,24,,,10000.0,0.0
-1,79600,EMERALDS,9992,10,9990,25,,,10008,10,10010,25,,,10000.0,0.0
-1,79700,EMERALDS,9992,14,9990,24,,,10008,14,10010,24,,,10000.0,0.0
-1,79800,EMERALDS,9992,15,9990,21,,,10008,15,10010,21,,,10000.0,0.0
-1,79900,EMERALDS,9992,15,9990,29,,,10008,15,10010,29,,,10000.0,0.0
-1,80000,EMERALDS,9992,12,9990,30,,,10008,12,10010,30,,,10000.0,0.0
-1,80100,EMERALDS,9992,11,9990,27,,,10008,11,10010,27,,,10000.0,0.0
-1,80200,EMERALDS,9992,11,9990,28,,,10008,11,10010,28,,,10000.0,0.0
-1,80300,EMERALDS,9992,13,9990,26,,,10008,13,10010,26,,,10000.0,0.0
-1,80400,EMERALDS,9992,10,9990,25,,,10008,10,10010,25,,,10000.0,0.0
-1,80500,EMERALDS,9992,12,9990,26,,,10008,12,10010,26,,,10000.0,0.0
-1,80600,EMERALDS,9992,15,9990,24,,,10008,15,10010,24,,,10000.0,0.0
-1,80700,EMERALDS,9992,14,9990,30,,,10008,14,10010,30,,,10000.0,0.0
-1,80800,EMERALDS,9992,13,9990,29,,,10008,13,10010,29,,,10000.0,0.0
-1,80900,EMERALDS,9992,15,9990,21,,,10008,15,10010,21,,,10000.0,0.0
-1,81000,EMERALDS,9992,10,9990,29,,,10008,10,10010,29,,,10000.0,0.0
-1,81100,EMERALDS,9992,14,9990,25,,,10008,14,10010,25,,,10000.0,0.0
-1,81200,EMERALDS,9992,15,9990,22,,,10008,15,10010,22,,,10000.0,0.0
-1,81300,EMERALDS,9992,13,9990,30,,,10008,13,10010,30,,,10000.0,0.0
-1,81400,EMERALDS,9992,11,9990,25,,,10008,11,10010,25,,,10000.0,0.0
-1,81500,EMERALDS,9992,14,9990,23,,,10008,14,10010,23,,,10000.0,0.0
-1,81600,EMERALDS,9992,15,9990,24,,,10008,15,10010,24,,,10000.0,0.0
-1,81700,EMERALDS,9992,14,9990,23,,,10008,14,10010,23,,,10000.0,0.0
-1,81800,EMERALDS,9992,13,9990,23,,,10008,13,10010,23,,,10000.0,0.0
-1,81900,EMERALDS,9992,12,9990,29,,,10008,12,10010,29,,,10000.0,0.0
-1,82000,EMERALDS,9992,12,9990,22,,,10008,12,10010,22,,,10000.0,0.0
-1,82100,EMERALDS,9992,10,9990,25,,,10008,10,10010,25,,,10000.0,0.0
-1,82200,EMERALDS,9992,13,9990,23,,,10008,13,10010,23,,,10000.0,0.0
-1,82300,EMERALDS,9992,11,9990,26,,,10008,11,10010,26,,,10000.0,0.0
-1,82400,EMERALDS,9992,10,9990,20,,,10008,10,10010,20,,,10000.0,0.0
-1,82500,EMERALDS,9992,12,9990,21,,,10008,12,10010,21,,,10000.0,0.0
-1,82600,EMERALDS,9992,12,9990,25,,,10008,12,10010,25,,,10000.0,0.0
-1,82700,EMERALDS,9992,15,9990,21,,,10008,15,10010,21,,,10000.0,0.0
-1,82800,EMERALDS,9992,14,9990,20,,,10008,14,10010,20,,,10000.0,0.0
-1,82900,EMERALDS,9992,11,9990,21,,,10008,11,10010,21,,,10000.0,0.0
-1,83000,EMERALDS,9992,15,9990,24,,,10008,15,10010,24,,,10000.0,0.0
-1,83100,EMERALDS,9992,14,9990,27,,,10008,14,10010,27,,,10000.0,0.0
-1,83200,EMERALDS,9992,14,9990,25,,,10008,14,10010,25,,,10000.0,0.0
-1,83300,EMERALDS,9992,13,9990,25,,,10008,13,10010,25,,,10000.0,0.0
-1,83400,EMERALDS,9992,13,9990,26,,,10008,13,10010,26,,,10000.0,0.0
-1,83500,EMERALDS,9992,12,9990,26,,,10008,12,10010,26,,,10000.0,0.0
-1,83600,EMERALDS,9992,13,9990,22,,,10008,13,10010,22,,,10000.0,0.0
-1,83700,EMERALDS,9992,15,9990,23,,,10008,15,10010,23,,,10000.0,0.0
-1,83800,EMERALDS,9992,15,9990,28,,,10008,15,10010,28,,,10000.0,0.0
-1,83900,EMERALDS,9992,12,9990,27,,,10008,12,10010,27,,,10000.0,0.0
-1,84000,EMERALDS,9992,10,9990,24,,,10008,10,10010,24,,,10000.0,0.0
-1,84100,EMERALDS,9992,11,9990,20,,,10008,11,10010,20,,,10000.0,0.0
-1,84200,EMERALDS,9992,11,9990,27,,,10008,11,10010,27,,,10000.0,0.0
-1,84300,EMERALDS,9992,15,9990,30,,,10008,15,10010,30,,,10000.0,0.0
-1,84400,EMERALDS,9992,11,9990,20,,,10008,11,10010,20,,,10000.0,0.0
-1,84500,EMERALDS,9992,15,9990,22,,,10008,15,10010,22,,,10000.0,0.0
-1,84600,EMERALDS,9992,15,9990,23,,,10008,15,10010,23,,,10000.0,0.0
-1,84700,EMERALDS,9992,14,9990,29,,,10008,14,10010,29,,,10000.0,0.0
-1,84800,EMERALDS,9992,10,9990,28,,,10008,10,10010,28,,,10000.0,0.0
-1,84900,EMERALDS,9992,10,9990,29,,,10008,10,10010,29,,,10000.0,0.0
-1,85000,EMERALDS,9992,14,9990,24,,,10008,14,10010,24,,,10000.0,0.0
-1,85100,EMERALDS,9992,12,9990,25,,,10008,12,10010,25,,,10000.0,0.0
-1,85200,EMERALDS,9992,15,9990,22,,,10008,15,10010,22,,,10000.0,0.0
-1,85300,EMERALDS,9992,13,9990,22,,,10008,13,10010,22,,,10000.0,0.0
-1,85400,EMERALDS,9992,14,9990,21,,,10008,14,10010,21,,,10000.0,0.0
-1,85500,EMERALDS,9992,14,9990,28,,,10008,14,10010,28,,,10000.0,0.0
-1,85600,EMERALDS,9992,14,9990,20,,,10008,14,10010,20,,,10000.0,0.0
-1,85700,EMERALDS,9992,10,9990,27,,,10008,10,10010,27,,,10000.0,0.0
-1,85800,EMERALDS,9992,15,9990,30,,,10008,15,10010,30,,,10000.0,0.0
-1,85900,EMERALDS,9992,13,9990,30,,,10008,13,10010,30,,,10000.0,0.0
-1,86000,EMERALDS,9992,14,9990,24,,,10008,14,10010,24,,,10000.0,0.0
-1,86100,EMERALDS,9992,13,9990,26,,,10008,13,10010,26,,,10000.0,0.0
-1,86200,EMERALDS,9992,10,9990,23,,,10008,10,10010,23,,,10000.0,0.0
-1,86300,EMERALDS,9992,11,9990,28,,,10008,11,10010,28,,,10000.0,0.0
-1,86400,EMERALDS,9992,11,9990,30,,,10008,11,10010,30,,,10000.0,0.0
-1,86500,EMERALDS,10000,8,9992,13,9990.0,26.0,10008,13,10010,26,,,10004.0,0.0
-1,86600,EMERALDS,9992,13,9990,25,,,10008,13,10010,25,,,10000.0,0.0
-1,86700,EMERALDS,9992,10,9990,21,,,10008,10,10010,21,,,10000.0,0.0
-1,86800,EMERALDS,9992,10,9990,24,,,10008,10,10010,24,,,10000.0,0.0
-1,86900,EMERALDS,9992,12,9990,20,,,10008,12,10010,20,,,10000.0,0.0
-1,87000,EMERALDS,9992,11,9990,22,,,10008,11,10010,22,,,10000.0,0.0
-1,87100,EMERALDS,9992,13,9990,20,,,10008,13,10010,20,,,10000.0,0.0
-1,87200,EMERALDS,9992,11,9990,27,,,10008,11,10010,27,,,10000.0,0.0
-1,87300,EMERALDS,9992,13,9990,30,,,10008,13,10010,30,,,10000.0,0.0
-1,87400,EMERALDS,9992,11,9990,26,,,10008,11,10010,26,,,10000.0,0.0
-1,87500,EMERALDS,9992,10,9990,30,,,10008,10,10010,30,,,10000.0,0.0
-1,87600,EMERALDS,9992,11,9990,23,,,10008,11,10010,23,,,10000.0,0.0
-1,87700,EMERALDS,9992,15,9990,21,,,10008,15,10010,21,,,10000.0,0.0
-1,87800,EMERALDS,9992,15,9990,27,,,10008,15,10010,27,,,10000.0,0.0
-1,87900,EMERALDS,9992,11,9990,24,,,10008,11,10010,24,,,10000.0,0.0
-1,88000,EMERALDS,9992,10,9990,25,,,10008,10,10010,25,,,10000.0,0.0
-1,88100,EMERALDS,9992,12,9990,25,,,10008,12,10010,25,,,10000.0,0.0
-1,88200,EMERALDS,9992,11,9990,22,,,10008,11,10010,22,,,10000.0,0.0
-1,88300,EMERALDS,9992,15,9990,24,,,10008,15,10010,24,,,10000.0,0.0
-1,88400,EMERALDS,9992,13,9990,30,,,10008,13,10010,30,,,10000.0,0.0
-1,88500,EMERALDS,9992,11,9990,28,,,10008,11,10010,28,,,10000.0,0.0
-1,88600,EMERALDS,9992,12,9990,23,,,10008,12,10010,23,,,10000.0,0.0
-1,88700,EMERALDS,9992,14,9990,25,,,10008,14,10010,25,,,10000.0,0.0
-1,88800,EMERALDS,9992,14,9990,28,,,10008,14,10010,28,,,10000.0,0.0
-1,88900,EMERALDS,9992,10,9990,24,,,10008,10,10010,24,,,10000.0,0.0
-1,89000,EMERALDS,9992,10,9990,20,,,10008,10,10010,20,,,10000.0,0.0
-1,89100,EMERALDS,9992,10,9990,26,,,10008,10,10010,26,,,10000.0,0.0
-1,89200,EMERALDS,9992,15,9990,27,,,10008,15,10010,27,,,10000.0,0.0
-1,89300,EMERALDS,9992,10,9990,26,,,10008,10,10010,26,,,10000.0,0.0
-1,89400,EMERALDS,9992,12,9990,20,,,10008,12,10010,20,,,10000.0,0.0
-1,89500,EMERALDS,9992,11,9990,30,,,10008,11,10010,30,,,10000.0,0.0
-1,89600,EMERALDS,9992,15,9990,24,,,10008,15,10010,24,,,10000.0,0.0
-1,89700,EMERALDS,9992,12,9990,28,,,10008,12,10010,28,,,10000.0,0.0
-1,89800,EMERALDS,9992,12,9990,24,,,10008,12,10010,24,,,10000.0,0.0
-1,89900,EMERALDS,9992,15,9990,23,,,10008,15,10010,23,,,10000.0,0.0
-1,90000,EMERALDS,9992,15,9990,28,,,10008,15,10010,28,,,10000.0,0.0
-1,90100,EMERALDS,9992,11,9990,27,,,10008,11,10010,27,,,10000.0,0.0
-1,90200,EMERALDS,9992,13,9990,23,,,10008,13,10010,23,,,10000.0,0.0
-1,90300,EMERALDS,9992,15,9990,21,,,10008,15,10010,21,,,10000.0,0.0
-1,90400,EMERALDS,9992,15,9990,26,,,10008,15,10010,26,,,10000.0,0.0
-1,90500,EMERALDS,9992,11,9990,26,,,10008,11,10010,26,,,10000.0,0.0
-1,90600,EMERALDS,9992,11,9990,22,,,10008,11,10010,22,,,10000.0,0.0
-1,90700,EMERALDS,9992,10,9990,24,,,10008,10,10010,24,,,10000.0,0.0
-1,90800,EMERALDS,9992,13,9990,25,,,10008,13,10010,25,,,10000.0,0.0
-1,90900,EMERALDS,9992,11,9990,25,,,10008,11,10010,25,,,10000.0,0.0
-1,91000,EMERALDS,9992,11,9990,30,,,10008,11,10010,30,,,10000.0,0.0
-1,91100,EMERALDS,9992,12,9990,21,,,10008,12,10010,21,,,10000.0,0.0
-1,91200,EMERALDS,9992,14,9990,22,,,10008,14,10010,22,,,10000.0,0.0
-1,91300,EMERALDS,9992,10,9990,20,,,10008,10,10010,20,,,10000.0,0.0
-1,91400,EMERALDS,9992,13,9990,20,,,10008,13,10010,20,,,10000.0,0.0
-1,91500,EMERALDS,9992,10,9990,23,,,10008,10,10010,23,,,10000.0,0.0
-1,91600,EMERALDS,9992,11,9990,27,,,10008,11,10010,27,,,10000.0,0.0
-1,91700,EMERALDS,9992,14,9990,28,,,10008,14,10010,28,,,10000.0,0.0
-1,91800,EMERALDS,9992,13,9990,26,,,10008,13,10010,26,,,10000.0,0.0
-1,91900,EMERALDS,9992,13,9990,28,,,10008,13,10010,28,,,10000.0,0.0
-1,92000,EMERALDS,9992,11,9990,28,,,10008,11,10010,28,,,10000.0,0.0
-1,92100,EMERALDS,9992,11,9990,28,,,10008,11,10010,28,,,10000.0,0.0
-1,92200,EMERALDS,9992,10,9990,22,,,10008,10,10010,22,,,10000.0,0.0
-1,92300,EMERALDS,9992,14,9990,25,,,10008,14,10010,25,,,10000.0,0.0
-1,92400,EMERALDS,9992,13,9990,23,,,10008,13,10010,23,,,10000.0,0.0
-1,92500,EMERALDS,9992,11,9990,23,,,10008,11,10010,23,,,10000.0,0.0
-1,92600,EMERALDS,9992,11,9990,24,,,10008,11,10010,24,,,10000.0,0.0
-1,92700,EMERALDS,9992,12,9990,27,,,10008,12,10010,27,,,10000.0,0.0
-1,92800,EMERALDS,9992,11,9990,20,,,10008,11,10010,20,,,10000.0,0.0
-1,92900,EMERALDS,9992,15,9990,26,,,10008,15,10010,26,,,10000.0,0.0
-1,93000,EMERALDS,9992,11,9990,20,,,10008,11,10010,20,,,10000.0,0.0
-1,93100,EMERALDS,9992,14,9990,21,,,10008,14,10010,21,,,10000.0,0.0
-1,93200,EMERALDS,9992,12,9990,21,,,10008,12,10010,21,,,10000.0,0.0
-1,93300,EMERALDS,9992,11,9990,29,,,10008,11,10010,29,,,10000.0,0.0
-1,93400,EMERALDS,9992,10,9990,27,,,10008,10,10010,27,,,10000.0,0.0
-1,93500,EMERALDS,9992,10,9990,25,,,10008,10,10010,25,,,10000.0,0.0
-1,93600,EMERALDS,9992,13,9990,27,,,10008,13,10010,27,,,10000.0,0.0
-1,93700,EMERALDS,9992,15,9990,23,,,10008,15,10010,23,,,10000.0,0.0
-1,93800,EMERALDS,9992,14,9990,30,,,10008,14,10010,30,,,10000.0,0.0
-1,93900,EMERALDS,9992,13,9990,28,,,10008,13,10010,28,,,10000.0,0.0
-1,94000,EMERALDS,9992,15,9990,30,,,10008,15,10010,30,,,10000.0,0.0
-1,94100,EMERALDS,9992,11,9990,30,,,10008,11,10010,30,,,10000.0,0.0
-1,94200,EMERALDS,9992,15,9990,22,,,10008,15,10010,22,,,10000.0,0.0
-1,94300,EMERALDS,9992,10,9990,24,,,10008,10,10010,24,,,10000.0,0.0
-1,94400,EMERALDS,9992,10,9990,29,,,10008,10,10010,29,,,10000.0,0.0
-1,94500,EMERALDS,9992,12,9990,23,,,10008,12,10010,23,,,10000.0,0.0
-1,94600,EMERALDS,9992,14,9990,22,,,10008,14,10010,22,,,10000.0,0.0
-1,94700,EMERALDS,9992,14,9990,20,,,10008,14,10010,20,,,10000.0,0.0
-1,94800,EMERALDS,9992,12,9990,27,,,10008,12,10010,27,,,10000.0,0.0
-1,94900,EMERALDS,9992,11,9990,27,,,10008,11,10010,27,,,10000.0,0.0
-1,95000,EMERALDS,10000,9,9992,10,9990.0,21.0,10008,10,10010,21,,,10004.0,0.0
-1,95100,EMERALDS,9992,13,9990,25,,,10008,13,10010,25,,,10000.0,0.0
-1,95200,EMERALDS,9992,15,9990,28,,,10008,15,10010,28,,,10000.0,0.0
-1,95300,EMERALDS,9992,12,9990,24,,,10008,12,10010,24,,,10000.0,0.0
-1,95400,EMERALDS,9992,15,9990,21,,,10008,15,10010,21,,,10000.0,0.0
-1,95500,EMERALDS,9992,12,9990,25,,,10008,12,10010,25,,,10000.0,0.0
-1,95600,EMERALDS,9992,11,9990,30,,,10008,11,10010,30,,,10000.0,0.0
-1,95700,EMERALDS,9992,14,9990,21,,,10008,14,10010,21,,,10000.0,0.0
-1,95800,EMERALDS,9992,15,9990,21,,,10008,15,10010,21,,,10000.0,0.0
-1,95900,EMERALDS,9992,13,9990,22,,,10008,13,10010,22,,,10000.0,0.0
-1,96000,EMERALDS,9992,12,9990,23,,,10008,12,10010,23,,,10000.0,0.0
-1,96100,EMERALDS,9992,13,9990,23,,,10008,13,10010,23,,,10000.0,0.0
-1,96200,EMERALDS,9992,12,9990,24,,,10008,12,10010,24,,,10000.0,0.0
-1,96300,EMERALDS,9992,12,9990,25,,,10008,12,10010,25,,,10000.0,0.0
-1,96400,EMERALDS,9992,14,9990,30,,,10008,14,10010,30,,,10000.0,0.0
-1,96500,EMERALDS,9992,10,9990,28,,,10008,10,10010,28,,,10000.0,0.0
-1,96600,EMERALDS,9992,15,9990,24,,,10008,15,10010,24,,,10000.0,0.0
-1,96700,EMERALDS,9992,12,9990,30,,,10008,12,10010,30,,,10000.0,0.0
-1,96800,EMERALDS,9992,14,9990,26,,,10008,14,10010,26,,,10000.0,0.0
-1,96900,EMERALDS,9992,14,9990,25,,,10008,14,10010,25,,,10000.0,0.0
-1,97000,EMERALDS,9992,11,9990,26,,,10008,11,10010,26,,,10000.0,0.0
-1,97100,EMERALDS,9992,10,9990,28,,,10008,10,10010,28,,,10000.0,0.0
-1,97200,EMERALDS,9992,11,9990,22,,,10008,11,10010,22,,,10000.0,0.0
-1,97300,EMERALDS,9992,13,9990,24,,,10008,13,10010,24,,,10000.0,0.0
-1,97400,EMERALDS,9992,15,9990,27,,,10008,15,10010,27,,,10000.0,0.0
-1,97500,EMERALDS,9992,15,9990,22,,,10008,15,10010,22,,,10000.0,0.0
-1,97600,EMERALDS,9992,11,9990,30,,,10008,11,10010,30,,,10000.0,0.0
-1,97700,EMERALDS,9992,10,9990,22,,,10008,10,10010,22,,,10000.0,0.0
-1,97800,EMERALDS,9992,11,9990,27,,,10008,11,10010,27,,,10000.0,0.0
-1,97900,EMERALDS,9992,10,9990,25,,,10008,10,10010,25,,,10000.0,0.0
-1,98000,EMERALDS,9992,12,9990,23,,,10008,12,10010,23,,,10000.0,0.0
-1,98100,EMERALDS,9992,11,9990,28,,,10008,11,10010,28,,,10000.0,0.0
-1,98200,EMERALDS,9992,12,9990,25,,,10008,12,10010,25,,,10000.0,0.0
-1,98300,EMERALDS,9992,14,9990,27,,,10008,14,10010,27,,,10000.0,0.0
-1,98400,EMERALDS,9992,11,9990,30,,,10008,11,10010,30,,,10000.0,0.0
-1,98500,EMERALDS,9992,14,9990,29,,,10008,14,10010,29,,,10000.0,0.0
-1,98600,EMERALDS,9992,15,9990,27,,,10008,15,10010,27,,,10000.0,0.0
-1,98700,EMERALDS,9992,10,9990,27,,,10008,10,10010,27,,,10000.0,0.0
-1,98800,EMERALDS,9992,11,9990,23,,,10008,11,10010,23,,,10000.0,0.0
-1,98900,EMERALDS,9992,13,9990,26,,,10008,13,10010,26,,,10000.0,0.0
-1,99000,EMERALDS,9992,11,9990,25,,,10008,11,10010,25,,,10000.0,0.0
-1,99100,EMERALDS,9992,10,9990,25,,,10008,10,10010,25,,,10000.0,0.0
-1,99200,EMERALDS,9992,14,9990,21,,,10008,14,10010,21,,,10000.0,0.0
-1,99300,EMERALDS,9992,12,9990,25,,,10008,12,10010,25,,,10000.0,0.0
-1,99400,EMERALDS,9992,10,9990,26,,,10008,10,10010,26,,,10000.0,0.0
-1,99500,EMERALDS,9992,12,9990,24,,,10008,12,10010,24,,,10000.0,0.0
-1,99600,EMERALDS,9992,15,9990,28,,,10008,15,10010,28,,,10000.0,0.0
-1,99700,EMERALDS,9992,14,9990,28,,,10008,14,10010,28,,,10000.0,0.0
-1,99800,EMERALDS,9992,10,9990,27,,,10008,10,10010,27,,,10000.0,0.0
-1,99900,EMERALDS,9992,13,9990,29,,,10008,13,10010,29,,,10000.0,0.0
-1,100000,EMERALDS,9992,13,9990,23,,,10008,13,10010,23,,,10000.0,0.0
-1,100100,EMERALDS,9992,15,9990,29,,,10008,15,10010,29,,,10000.0,0.0
-1,100200,EMERALDS,9992,14,9990,22,,,10008,14,10010,22,,,10000.0,0.0
-1,100300,EMERALDS,9992,10,9990,30,,,10008,10,10010,30,,,10000.0,0.0
-1,100400,EMERALDS,9992,10,9990,29,,,10008,10,10010,29,,,10000.0,0.0
-1,100500,EMERALDS,9992,14,9990,22,,,10008,14,10010,22,,,10000.0,0.0
-1,100600,EMERALDS,9992,14,9990,28,,,10008,14,10010,28,,,10000.0,0.0
-1,100700,EMERALDS,9992,15,9990,30,,,10008,15,10010,30,,,10000.0,0.0
-1,100800,EMERALDS,9992,10,9990,28,,,10008,10,10010,28,,,10000.0,0.0
-1,100900,EMERALDS,9992,10,9990,27,,,10008,10,10010,27,,,10000.0,0.0
-1,101000,EMERALDS,9992,13,9990,30,,,10008,13,10010,30,,,10000.0,0.0
-1,101100,EMERALDS,9992,15,9990,21,,,10008,15,10010,21,,,10000.0,0.0
-1,101200,EMERALDS,9992,10,9990,26,,,10008,10,10010,26,,,10000.0,0.0
-1,101300,EMERALDS,9992,10,9990,26,,,10008,10,10010,26,,,10000.0,0.0
-1,101400,EMERALDS,9992,11,9990,22,,,10008,11,10010,22,,,10000.0,0.0
-1,101500,EMERALDS,9992,10,9990,20,,,10008,10,10010,20,,,10000.0,0.0
-1,101600,EMERALDS,9992,14,9990,27,,,10000,6,10008,14,10010.0,27.0,9996.0,0.0
-1,101700,EMERALDS,9992,15,9990,27,,,10008,15,10010,27,,,10000.0,0.0
-1,101800,EMERALDS,9992,13,9990,24,,,10008,13,10010,24,,,10000.0,0.0
-1,101900,EMERALDS,9992,14,9990,21,,,10008,14,10010,21,,,10000.0,0.0
-1,102000,EMERALDS,9992,10,9990,29,,,10008,10,10010,29,,,10000.0,0.0
-1,102100,EMERALDS,9992,15,9990,22,,,10008,15,10010,22,,,10000.0,0.0
-1,102200,EMERALDS,9992,11,9990,30,,,10008,11,10010,30,,,10000.0,0.0
-1,102300,EMERALDS,9992,15,9990,24,,,10008,15,10010,24,,,10000.0,0.0
-1,102400,EMERALDS,9992,14,9990,23,,,10008,14,10010,23,,,10000.0,0.0
-1,102500,EMERALDS,9992,14,9990,27,,,10008,14,10010,27,,,10000.0,0.0
-1,102600,EMERALDS,9992,10,9990,23,,,10008,10,10010,23,,,10000.0,0.0
-1,102700,EMERALDS,9992,15,9990,21,,,10008,15,10010,21,,,10000.0,0.0
-1,102800,EMERALDS,9992,13,9990,26,,,10008,13,10010,26,,,10000.0,0.0
-1,102900,EMERALDS,9992,13,9990,27,,,10008,13,10010,27,,,10000.0,0.0
-1,103000,EMERALDS,9992,12,9990,30,,,10008,12,10010,30,,,10000.0,0.0
-1,103100,EMERALDS,9992,11,9990,26,,,10008,11,10010,26,,,10000.0,0.0
-1,103200,EMERALDS,9992,10,9990,27,,,10008,10,10010,27,,,10000.0,0.0
-1,103300,EMERALDS,9992,12,9990,25,,,10008,12,10010,25,,,10000.0,0.0
-1,103400,EMERALDS,9992,12,9990,30,,,10008,12,10010,30,,,10000.0,0.0
-1,103500,EMERALDS,9992,12,9990,27,,,10008,12,10010,27,,,10000.0,0.0
-1,103600,EMERALDS,9992,10,9990,25,,,10008,10,10010,25,,,10000.0,0.0
-1,103700,EMERALDS,9992,12,9990,24,,,10008,12,10010,24,,,10000.0,0.0
-1,103800,EMERALDS,9992,11,9990,26,,,10008,11,10010,26,,,10000.0,0.0
-1,103900,EMERALDS,9992,12,9990,22,,,10008,12,10010,22,,,10000.0,0.0
-1,104000,EMERALDS,9992,14,9990,27,,,10008,14,10010,27,,,10000.0,0.0
-1,104100,EMERALDS,9992,12,9990,27,,,10008,12,10010,27,,,10000.0,0.0
-1,104200,EMERALDS,9992,10,9990,23,,,10008,10,10010,23,,,10000.0,0.0
-1,104300,EMERALDS,9992,13,9990,22,,,10008,13,10010,22,,,10000.0,0.0
-1,104400,EMERALDS,9992,12,9990,28,,,10008,12,10010,28,,,10000.0,0.0
-1,104500,EMERALDS,9992,14,9990,25,,,10008,14,10010,25,,,10000.0,0.0
-1,104600,EMERALDS,9992,13,9990,25,,,10008,13,10010,25,,,10000.0,0.0
-1,104700,EMERALDS,9992,15,9990,30,,,10008,15,10010,30,,,10000.0,0.0
-1,104800,EMERALDS,9992,13,9990,26,,,10008,13,10010,26,,,10000.0,0.0
-1,104900,EMERALDS,9992,11,9990,24,,,10008,11,10010,24,,,10000.0,0.0
-1,105000,EMERALDS,9992,11,9990,21,,,10008,11,10010,21,,,10000.0,0.0
-1,105100,EMERALDS,9992,15,9990,30,,,10008,15,10010,30,,,10000.0,0.0
-1,105200,EMERALDS,9992,15,9990,25,,,10008,15,10010,25,,,10000.0,0.0
-1,105300,EMERALDS,9992,12,9990,25,,,10008,12,10010,25,,,10000.0,0.0
-1,105400,EMERALDS,9992,11,9990,24,,,10008,11,10010,24,,,10000.0,0.0
-1,105500,EMERALDS,9992,10,9990,28,,,10008,10,10010,28,,,10000.0,0.0
-1,105600,EMERALDS,9992,14,9990,30,,,10008,14,10010,30,,,10000.0,0.0
-1,105700,EMERALDS,9992,14,9990,28,,,10008,14,10010,28,,,10000.0,0.0
-1,105800,EMERALDS,9992,11,9990,26,,,10008,11,10010,26,,,10000.0,0.0
-1,105900,EMERALDS,9992,10,9990,23,,,10008,10,10010,23,,,10000.0,0.0
-1,106000,EMERALDS,9992,14,9990,22,,,10008,14,10010,22,,,10000.0,0.0
-1,106100,EMERALDS,9992,11,9990,22,,,10008,11,10010,22,,,10000.0,0.0
-1,106200,EMERALDS,9992,12,9990,21,,,10008,12,10010,21,,,10000.0,0.0
-1,106300,EMERALDS,9992,10,9990,26,,,10008,10,10010,26,,,10000.0,0.0
-1,106400,EMERALDS,10000,8,9992,14,9990.0,22.0,10008,14,10010,22,,,10004.0,0.0
-1,106500,EMERALDS,9992,10,9990,20,,,10008,10,10010,20,,,10000.0,0.0
-1,106600,EMERALDS,9992,12,9990,30,,,10008,12,10010,30,,,10000.0,0.0
-1,106700,EMERALDS,9992,12,9990,28,,,10008,12,10010,28,,,10000.0,0.0
-1,106800,EMERALDS,9992,12,9990,30,,,10008,12,10010,30,,,10000.0,0.0
-1,106900,EMERALDS,9992,15,9990,29,,,10008,15,10010,29,,,10000.0,0.0
-1,107000,EMERALDS,9992,13,9990,25,,,10008,13,10010,25,,,10000.0,0.0
-1,107100,EMERALDS,9992,14,9990,22,,,10008,14,10010,22,,,10000.0,0.0
-1,107200,EMERALDS,9992,12,9990,24,,,10008,12,10010,24,,,10000.0,0.0
-1,107300,EMERALDS,9992,12,9990,23,,,10008,12,10010,23,,,10000.0,0.0
-1,107400,EMERALDS,9992,11,9990,25,,,10008,11,10010,25,,,10000.0,0.0
-1,107500,EMERALDS,9992,11,9990,25,,,10008,11,10010,25,,,10000.0,0.0
-1,107600,EMERALDS,9992,10,9990,30,,,10008,10,10010,30,,,10000.0,0.0
-1,107700,EMERALDS,9992,10,9990,22,,,10008,10,10010,22,,,10000.0,0.0
-1,107800,EMERALDS,9992,12,9990,20,,,10008,12,10010,20,,,10000.0,0.0
-1,107900,EMERALDS,9992,13,9990,28,,,10008,13,10010,28,,,10000.0,0.0
-1,108000,EMERALDS,9992,15,9990,26,,,10008,15,10010,26,,,10000.0,0.0
-1,108100,EMERALDS,9992,13,9990,25,,,10008,13,10010,25,,,10000.0,0.0
-1,108200,EMERALDS,9992,15,9990,29,,,10008,15,10010,29,,,10000.0,0.0
-1,108300,EMERALDS,9992,12,9990,21,,,10008,12,10010,21,,,10000.0,0.0
-1,108400,EMERALDS,9992,12,9990,25,,,10008,12,10010,25,,,10000.0,0.0
-1,108500,EMERALDS,9992,11,9990,23,,,10008,11,10010,23,,,10000.0,0.0
-1,108600,EMERALDS,9992,12,9990,26,,,10008,12,10010,26,,,10000.0,0.0
-1,108700,EMERALDS,9992,15,9990,23,,,10008,15,10010,23,,,10000.0,0.0
-1,108800,EMERALDS,9992,14,9990,20,,,10008,14,10010,20,,,10000.0,0.0
-1,108900,EMERALDS,9992,13,9990,30,,,10008,13,10010,30,,,10000.0,0.0
-1,109000,EMERALDS,9992,12,9990,20,,,10008,12,10010,20,,,10000.0,0.0
-1,109100,EMERALDS,9992,12,9990,27,,,10008,12,10010,27,,,10000.0,0.0
-1,109200,EMERALDS,9992,14,9990,25,,,10008,14,10010,25,,,10000.0,0.0
-1,109300,EMERALDS,9992,10,9990,21,,,10008,10,10010,21,,,10000.0,0.0
-1,109400,EMERALDS,9992,15,9990,21,,,10008,15,10010,21,,,10000.0,0.0
-1,109500,EMERALDS,9992,13,9990,28,,,10008,13,10010,28,,,10000.0,0.0
-1,109600,EMERALDS,9992,10,9990,27,,,10008,10,10010,27,,,10000.0,0.0
-1,109700,EMERALDS,9992,14,9990,26,,,10008,14,10010,26,,,10000.0,0.0
-1,109800,EMERALDS,9992,12,9990,22,,,10008,12,10010,22,,,10000.0,0.0
-1,109900,EMERALDS,9992,11,9990,27,,,10008,11,10010,27,,,10000.0,0.0
-1,110000,EMERALDS,9992,10,9990,21,,,10008,10,10010,21,,,10000.0,0.0
-1,110100,EMERALDS,9992,14,9990,23,,,10000,5,10008,14,10010.0,23.0,9996.0,0.0
-1,110200,EMERALDS,9992,14,9990,20,,,10008,14,10010,20,,,10000.0,0.0
-1,110300,EMERALDS,9992,11,9990,20,,,10008,11,10010,20,,,10000.0,0.0
-1,110400,EMERALDS,9992,11,9990,30,,,10008,11,10010,30,,,10000.0,0.0
-1,110500,EMERALDS,9992,13,9990,21,,,10008,13,10010,21,,,10000.0,0.0
-1,110600,EMERALDS,9992,12,9990,28,,,10008,12,10010,28,,,10000.0,0.0
-1,110700,EMERALDS,9992,14,9990,24,,,10008,14,10010,24,,,10000.0,0.0
-1,110800,EMERALDS,9992,11,9990,30,,,10008,11,10010,30,,,10000.0,0.0
-1,110900,EMERALDS,9992,15,9990,24,,,10008,15,10010,24,,,10000.0,0.0
-1,111000,EMERALDS,9992,10,9990,22,,,10008,10,10010,22,,,10000.0,0.0
-1,111100,EMERALDS,9992,13,9990,25,,,10008,13,10010,25,,,10000.0,0.0
-1,111200,EMERALDS,9992,10,9990,21,,,10008,10,10010,21,,,10000.0,0.0
-1,111300,EMERALDS,9992,10,9990,29,,,10008,10,10010,29,,,10000.0,0.0
-1,111400,EMERALDS,9992,15,9990,23,,,10008,15,10010,23,,,10000.0,0.0
-1,111500,EMERALDS,9992,11,9990,21,,,10008,11,10010,21,,,10000.0,0.0
-1,111600,EMERALDS,9992,11,9990,30,,,10008,11,10010,30,,,10000.0,0.0
-1,111700,EMERALDS,9992,12,9990,20,,,10008,12,10010,20,,,10000.0,0.0
-1,111800,EMERALDS,9992,10,9990,22,,,10008,10,10010,22,,,10000.0,0.0
-1,111900,EMERALDS,9992,12,9990,20,,,10008,12,10010,20,,,10000.0,0.0
-1,112000,EMERALDS,9992,11,9990,24,,,10008,11,10010,24,,,10000.0,0.0
-1,112100,EMERALDS,9992,13,9990,20,,,10008,13,10010,20,,,10000.0,0.0
-1,112200,EMERALDS,9992,11,9990,26,,,10008,11,10010,26,,,10000.0,0.0
-1,112300,EMERALDS,9992,14,9990,26,,,10008,14,10010,26,,,10000.0,0.0
-1,112400,EMERALDS,9992,10,9990,28,,,10008,10,10010,28,,,10000.0,0.0
-1,112500,EMERALDS,9992,15,9990,21,,,10008,15,10010,21,,,10000.0,0.0
-1,112600,EMERALDS,9992,14,9990,30,,,10008,14,10010,30,,,10000.0,0.0
-1,112700,EMERALDS,9992,12,9990,28,,,10008,12,10010,28,,,10000.0,0.0
-1,112800,EMERALDS,9992,15,9990,22,,,10008,15,10010,22,,,10000.0,0.0
-1,112900,EMERALDS,9992,10,9990,20,,,10008,10,10010,20,,,10000.0,0.0
-1,113000,EMERALDS,9992,15,9990,26,,,10008,15,10010,26,,,10000.0,0.0
-1,113100,EMERALDS,9992,14,9990,20,,,10008,14,10010,20,,,10000.0,0.0
-1,113200,EMERALDS,9992,14,9990,29,,,10008,14,10010,29,,,10000.0,0.0
-1,113300,EMERALDS,9992,14,9990,20,,,10008,14,10010,20,,,10000.0,0.0
-1,113400,EMERALDS,9992,14,9990,20,,,10008,14,10010,20,,,10000.0,0.0
-1,113500,EMERALDS,9992,15,9990,21,,,10008,15,10010,21,,,10000.0,0.0
-1,113600,EMERALDS,9992,13,9990,24,,,10008,13,10010,24,,,10000.0,0.0
-1,113700,EMERALDS,9992,11,9990,20,,,10008,11,10010,20,,,10000.0,0.0
-1,113800,EMERALDS,9992,14,9990,22,,,10008,14,10010,22,,,10000.0,0.0
-1,113900,EMERALDS,9992,13,9990,28,,,10008,13,10010,28,,,10000.0,0.0
-1,114000,EMERALDS,10000,9,9992,13,9990.0,28.0,10008,13,10010,28,,,10004.0,0.0
-1,114100,EMERALDS,9992,11,9990,30,,,10008,11,10010,30,,,10000.0,0.0
-1,114200,EMERALDS,9992,14,9990,23,,,10008,14,10010,23,,,10000.0,0.0
-1,114300,EMERALDS,9992,13,9990,27,,,10008,13,10010,27,,,10000.0,0.0
-1,114400,EMERALDS,9992,15,9990,28,,,10008,15,10010,28,,,10000.0,0.0
-1,114500,EMERALDS,9992,15,9990,29,,,10008,15,10010,29,,,10000.0,0.0
-1,114600,EMERALDS,9992,14,9990,25,,,10008,14,10010,25,,,10000.0,0.0
-1,114700,EMERALDS,9992,12,9990,26,,,10008,12,10010,26,,,10000.0,0.0
-1,114800,EMERALDS,9992,10,9990,24,,,10008,10,10010,24,,,10000.0,0.0
-1,114900,EMERALDS,9992,11,9990,21,,,10008,11,10010,21,,,10000.0,0.0
-1,115000,EMERALDS,9992,11,9990,25,,,10008,11,10010,25,,,10000.0,0.0
-1,115100,EMERALDS,9992,15,9990,25,,,10008,15,10010,25,,,10000.0,0.0
-1,115200,EMERALDS,9992,12,9990,21,,,10008,12,10010,21,,,10000.0,0.0
-1,115300,EMERALDS,9992,12,9990,28,,,10008,12,10010,28,,,10000.0,0.0
-1,115400,EMERALDS,9992,14,9990,24,,,10008,14,10010,24,,,10000.0,0.0
-1,115500,EMERALDS,9992,15,9990,24,,,10008,15,10010,24,,,10000.0,0.0
-1,115600,EMERALDS,9992,14,9990,27,,,10008,14,10010,27,,,10000.0,0.0
-1,115700,EMERALDS,9992,12,9990,25,,,10008,12,10010,25,,,10000.0,0.0
-1,115800,EMERALDS,9992,14,9990,22,,,10008,14,10010,22,,,10000.0,0.0
-1,115900,EMERALDS,9992,12,9990,28,,,10008,12,10010,28,,,10000.0,0.0
-1,116000,EMERALDS,9992,12,9990,25,,,10008,12,10010,25,,,10000.0,0.0
-1,116100,EMERALDS,9992,14,9990,22,,,10008,14,10010,22,,,10000.0,0.0
-1,116200,EMERALDS,9992,15,9990,27,,,10008,15,10010,27,,,10000.0,0.0
-1,116300,EMERALDS,9992,14,9990,27,,,10008,14,10010,27,,,10000.0,0.0
-1,116400,EMERALDS,9992,11,9990,23,,,10008,11,10010,23,,,10000.0,0.0
-1,116500,EMERALDS,9992,11,9990,27,,,10008,11,10010,27,,,10000.0,0.0
-1,116600,EMERALDS,9992,11,9990,21,,,10008,11,10010,21,,,10000.0,0.0
-1,116700,EMERALDS,9992,12,9990,24,,,10008,12,10010,24,,,10000.0,0.0
-1,116800,EMERALDS,9992,15,9990,30,,,10008,15,10010,30,,,10000.0,0.0
-1,116900,EMERALDS,9992,11,9990,26,,,10008,11,10010,26,,,10000.0,0.0
-1,117000,EMERALDS,9992,14,9990,30,,,10008,14,10010,30,,,10000.0,0.0
-1,117100,EMERALDS,9992,10,9990,24,,,10008,10,10010,24,,,10000.0,0.0
-1,117200,EMERALDS,9992,15,9990,20,,,10008,15,10010,20,,,10000.0,0.0
-1,117300,EMERALDS,9992,14,9990,21,,,10008,14,10010,21,,,10000.0,0.0
-1,117400,EMERALDS,9992,14,9990,27,,,10008,14,10010,27,,,10000.0,0.0
-1,117500,EMERALDS,9992,14,9990,24,,,10008,14,10010,24,,,10000.0,0.0
-1,117600,EMERALDS,9992,15,9990,30,,,10008,15,10010,30,,,10000.0,0.0
-1,117700,EMERALDS,9992,12,9990,29,,,10008,12,10010,29,,,10000.0,0.0
-1,117800,EMERALDS,9992,11,9990,29,,,10008,11,10010,29,,,10000.0,0.0
-1,117900,EMERALDS,9992,10,9990,22,,,10008,10,10010,22,,,10000.0,0.0
-1,118000,EMERALDS,9992,11,9990,27,,,10008,11,10010,27,,,10000.0,0.0
-1,118100,EMERALDS,9992,13,9990,23,,,10008,13,10010,23,,,10000.0,0.0
-1,118200,EMERALDS,9992,13,9990,21,,,10008,13,10010,21,,,10000.0,0.0
-1,118300,EMERALDS,9992,12,9990,26,,,10008,12,10010,26,,,10000.0,0.0
-1,118400,EMERALDS,9992,13,9990,28,,,10008,13,10010,28,,,10000.0,0.0
-1,118500,EMERALDS,9992,15,9990,25,,,10008,15,10010,25,,,10000.0,0.0
-1,118600,EMERALDS,9992,10,9990,29,,,10008,10,10010,29,,,10000.0,0.0
-1,118700,EMERALDS,9992,11,9990,26,,,10008,11,10010,26,,,10000.0,0.0
-1,118800,EMERALDS,9992,15,9990,29,,,10008,15,10010,29,,,10000.0,0.0
-1,118900,EMERALDS,9992,13,9990,25,,,10008,13,10010,25,,,10000.0,0.0
-1,119000,EMERALDS,9992,14,9990,20,,,10008,14,10010,20,,,10000.0,0.0
-1,119100,EMERALDS,9992,11,9990,24,,,10008,11,10010,24,,,10000.0,0.0
-1,119200,EMERALDS,9992,15,9990,25,,,10008,15,10010,25,,,10000.0,0.0
-1,119300,EMERALDS,9992,11,9990,25,,,10008,11,10010,25,,,10000.0,0.0
-1,119400,EMERALDS,10000,9,9992,11,9990.0,24.0,10008,11,10010,24,,,10004.0,0.0
-1,119500,EMERALDS,9992,11,9990,25,,,10008,11,10010,25,,,10000.0,0.0
-1,119600,EMERALDS,9992,13,9990,27,,,10008,13,10010,27,,,10000.0,0.0
-1,119700,EMERALDS,9992,13,9990,25,,,10008,13,10010,25,,,10000.0,0.0
-1,119800,EMERALDS,9992,10,9990,26,,,10008,10,10010,26,,,10000.0,0.0
-1,119900,EMERALDS,10000,6,9992,14,9990.0,26.0,10008,14,10010,26,,,10004.0,0.0
-1,120000,EMERALDS,9992,10,9990,23,,,10008,10,10010,23,,,10000.0,0.0
-1,120100,EMERALDS,9992,10,9990,22,,,10008,10,10010,22,,,10000.0,0.0
-1,120200,EMERALDS,9992,13,9990,23,,,10008,13,10010,23,,,10000.0,0.0
-1,120300,EMERALDS,9992,10,9990,29,,,10008,10,10010,29,,,10000.0,0.0
-1,120400,EMERALDS,9992,12,9990,24,,,10008,12,10010,24,,,10000.0,0.0
-1,120500,EMERALDS,9992,13,9990,21,,,10008,13,10010,21,,,10000.0,0.0
-1,120600,EMERALDS,9992,13,9990,22,,,10008,13,10010,22,,,10000.0,0.0
-1,120700,EMERALDS,9992,12,9990,28,,,10008,12,10010,28,,,10000.0,0.0
-1,120800,EMERALDS,9992,13,9990,23,,,10008,13,10010,23,,,10000.0,0.0
-1,120900,EMERALDS,9992,13,9990,23,,,10008,13,10010,23,,,10000.0,0.0
-1,121000,EMERALDS,9992,13,9990,22,,,10008,13,10010,22,,,10000.0,0.0
-1,121100,EMERALDS,9992,15,9990,25,,,10008,15,10010,25,,,10000.0,0.0
-1,121200,EMERALDS,9992,11,9990,27,,,10008,11,10010,27,,,10000.0,0.0
-1,121300,EMERALDS,9992,11,9990,21,,,10008,11,10010,21,,,10000.0,0.0
-1,121400,EMERALDS,9992,13,9990,27,,,10008,13,10010,27,,,10000.0,0.0
-1,121500,EMERALDS,9992,12,9990,29,,,10008,12,10010,29,,,10000.0,0.0
-1,121600,EMERALDS,9992,11,9990,21,,,10008,11,10010,21,,,10000.0,0.0
-1,121700,EMERALDS,9992,15,9990,25,,,10008,15,10010,25,,,10000.0,0.0
-1,121800,EMERALDS,9992,10,9990,30,,,10008,10,10010,30,,,10000.0,0.0
-1,121900,EMERALDS,9992,15,9990,27,,,10000,10,10008,15,10010.0,27.0,9996.0,0.0
-1,122000,EMERALDS,9992,12,9990,27,,,10008,12,10010,27,,,10000.0,0.0
-1,122100,EMERALDS,9992,10,9990,25,,,10008,10,10010,25,,,10000.0,0.0
-1,122200,EMERALDS,9992,10,9990,25,,,10008,10,10010,25,,,10000.0,0.0
-1,122300,EMERALDS,9992,10,9990,23,,,10008,10,10010,23,,,10000.0,0.0
-1,122400,EMERALDS,9992,15,9990,24,,,10008,15,10010,24,,,10000.0,0.0
-1,122500,EMERALDS,9992,10,9990,25,,,10008,10,10010,25,,,10000.0,0.0
-1,122600,EMERALDS,9992,14,9990,28,,,10008,14,10010,28,,,10000.0,0.0
-1,122700,EMERALDS,9992,11,9990,25,,,10008,11,10010,25,,,10000.0,0.0
-1,122800,EMERALDS,9992,10,9990,28,,,10008,10,10010,28,,,10000.0,0.0
-1,122900,EMERALDS,10000,6,9992,12,9990.0,30.0,10008,12,10010,30,,,10004.0,0.0
-1,123000,EMERALDS,9992,13,9990,26,,,10000,6,10008,13,10010.0,26.0,9996.0,0.0
-1,123100,EMERALDS,9992,14,9990,25,,,10008,14,10010,25,,,10000.0,0.0
-1,123200,EMERALDS,9992,12,9990,21,,,10008,12,10010,21,,,10000.0,0.0
-1,123300,EMERALDS,9992,10,9990,29,,,10008,10,10010,29,,,10000.0,0.0
-1,123400,EMERALDS,9992,14,9990,21,,,10008,14,10010,21,,,10000.0,0.0
-1,123500,EMERALDS,9992,11,9990,30,,,10008,11,10010,30,,,10000.0,0.0
-1,123600,EMERALDS,9992,10,9990,20,,,10008,10,10010,20,,,10000.0,0.0
-1,123700,EMERALDS,9992,10,9990,21,,,10008,10,10010,21,,,10000.0,0.0
-1,123800,EMERALDS,9992,13,9990,23,,,10008,13,10010,23,,,10000.0,0.0
-1,123900,EMERALDS,9992,14,9990,26,,,10008,14,10010,26,,,10000.0,0.0
-1,124000,EMERALDS,9992,14,9990,20,,,10008,14,10010,20,,,10000.0,0.0
-1,124100,EMERALDS,9992,15,9990,25,,,10008,15,10010,25,,,10000.0,0.0
-1,124200,EMERALDS,9992,10,9990,23,,,10008,10,10010,23,,,10000.0,0.0
-1,124300,EMERALDS,9992,11,9990,20,,,10008,11,10010,20,,,10000.0,0.0
-1,124400,EMERALDS,9992,12,9990,26,,,10008,12,10010,26,,,10000.0,0.0
-1,124500,EMERALDS,9992,13,9990,20,,,10008,13,10010,20,,,10000.0,0.0
-1,124600,EMERALDS,9992,13,9990,21,,,10008,13,10010,21,,,10000.0,0.0
-1,124700,EMERALDS,9992,11,9990,20,,,10008,11,10010,20,,,10000.0,0.0
-1,124800,EMERALDS,9992,13,9990,23,,,10008,13,10010,23,,,10000.0,0.0
-1,124900,EMERALDS,9992,14,9990,30,,,10008,14,10010,30,,,10000.0,0.0
-1,125000,EMERALDS,9992,15,9990,25,,,10008,15,10010,25,,,10000.0,0.0
-1,125100,EMERALDS,9992,11,9990,27,,,10008,11,10010,27,,,10000.0,0.0
-1,125200,EMERALDS,9992,10,9990,26,,,10008,10,10010,26,,,10000.0,0.0
-1,125300,EMERALDS,9992,10,9990,26,,,10008,10,10010,26,,,10000.0,0.0
-1,125400,EMERALDS,9992,14,9990,22,,,10008,14,10010,22,,,10000.0,0.0
-1,125500,EMERALDS,9992,13,9990,22,,,10008,13,10010,22,,,10000.0,0.0
-1,125600,EMERALDS,9992,15,9990,28,,,10008,15,10010,28,,,10000.0,0.0
-1,125700,EMERALDS,9992,13,9990,26,,,10008,13,10010,26,,,10000.0,0.0
-1,125800,EMERALDS,9992,11,9990,27,,,10008,11,10010,27,,,10000.0,0.0
-1,125900,EMERALDS,9992,11,9990,28,,,10008,11,10010,28,,,10000.0,0.0
-1,126000,EMERALDS,9992,14,9990,21,,,10008,14,10010,21,,,10000.0,0.0
-1,126100,EMERALDS,9992,11,9990,27,,,10008,11,10010,27,,,10000.0,0.0
-1,126200,EMERALDS,9992,12,9990,24,,,10008,12,10010,24,,,10000.0,0.0
-1,126300,EMERALDS,9992,15,9990,29,,,10008,15,10010,29,,,10000.0,0.0
-1,126400,EMERALDS,9992,14,9990,27,,,10008,14,10010,27,,,10000.0,0.0
-1,126500,EMERALDS,9992,13,9990,25,,,10008,13,10010,25,,,10000.0,0.0
-1,126600,EMERALDS,9992,15,9990,21,,,10008,15,10010,21,,,10000.0,0.0
-1,126700,EMERALDS,9992,10,9990,23,,,10008,10,10010,23,,,10000.0,0.0
-1,126800,EMERALDS,9992,13,9990,24,,,10008,13,10010,24,,,10000.0,0.0
-1,126900,EMERALDS,9992,11,9990,24,,,10008,11,10010,24,,,10000.0,0.0
-1,127000,EMERALDS,9992,10,9990,26,,,10008,10,10010,26,,,10000.0,0.0
-1,127100,EMERALDS,9992,14,9990,27,,,10008,14,10010,27,,,10000.0,0.0
-1,127200,EMERALDS,9992,13,9990,24,,,10008,13,10010,24,,,10000.0,0.0
-1,127300,EMERALDS,9992,13,9990,28,,,10008,13,10010,28,,,10000.0,0.0
-1,127400,EMERALDS,9992,13,9990,27,,,10008,13,10010,27,,,10000.0,0.0
-1,127500,EMERALDS,9992,11,9990,29,,,10008,11,10010,29,,,10000.0,0.0
-1,127600,EMERALDS,9992,10,9990,27,,,10008,10,10010,27,,,10000.0,0.0
-1,127700,EMERALDS,10000,10,9992,13,9990.0,20.0,10008,13,10010,20,,,10004.0,0.0
-1,127800,EMERALDS,9992,11,9990,27,,,10008,11,10010,27,,,10000.0,0.0
-1,127900,EMERALDS,9992,12,9990,27,,,10008,12,10010,27,,,10000.0,0.0
-1,128000,EMERALDS,9992,10,9990,20,,,10008,10,10010,20,,,10000.0,0.0
-1,128100,EMERALDS,9992,11,9990,29,,,10008,11,10010,29,,,10000.0,0.0
-1,128200,EMERALDS,9992,14,9990,21,,,10008,14,10010,21,,,10000.0,0.0
-1,128300,EMERALDS,9992,12,9990,25,,,10008,12,10010,25,,,10000.0,0.0
-1,128400,EMERALDS,9992,10,9990,22,,,10008,10,10010,22,,,10000.0,0.0
-1,128500,EMERALDS,9992,12,9990,22,,,10008,12,10010,22,,,10000.0,0.0
-1,128600,EMERALDS,9992,12,9990,20,,,10008,12,10010,20,,,10000.0,0.0
-1,128700,EMERALDS,9992,13,9990,26,,,10008,13,10010,26,,,10000.0,0.0
-1,128800,EMERALDS,9992,12,9990,21,,,10000,5,10008,12,10010.0,21.0,9996.0,0.0
-1,128900,EMERALDS,9992,11,9990,25,,,10008,11,10010,25,,,10000.0,0.0
-1,129000,EMERALDS,9992,15,9990,21,,,10008,15,10010,21,,,10000.0,0.0
-1,129100,EMERALDS,9992,15,9990,26,,,10008,15,10010,26,,,10000.0,0.0
-1,129200,EMERALDS,9992,11,9990,26,,,10008,11,10010,26,,,10000.0,0.0
-1,129300,EMERALDS,9992,11,9990,23,,,10008,11,10010,23,,,10000.0,0.0
-1,129400,EMERALDS,9992,14,9990,24,,,10008,14,10010,24,,,10000.0,0.0
-1,129500,EMERALDS,9992,11,9990,20,,,10008,11,10010,20,,,10000.0,0.0
-1,129600,EMERALDS,9992,14,9990,29,,,10008,14,10010,29,,,10000.0,0.0
-1,129700,EMERALDS,9992,10,9990,21,,,10008,10,10010,21,,,10000.0,0.0
-1,129800,EMERALDS,9992,15,9990,27,,,10008,15,10010,27,,,10000.0,0.0
-1,129900,EMERALDS,9992,12,9990,28,,,10008,12,10010,28,,,10000.0,0.0
-1,130000,EMERALDS,9992,12,9990,29,,,10008,12,10010,29,,,10000.0,0.0
-1,130100,EMERALDS,9992,13,9990,20,,,10008,13,10010,20,,,10000.0,0.0
-1,130200,EMERALDS,9992,11,9990,21,,,10008,11,10010,21,,,10000.0,0.0
-1,130300,EMERALDS,9992,13,9990,25,,,10008,13,10010,25,,,10000.0,0.0
-1,130400,EMERALDS,9992,10,9990,27,,,10008,10,10010,27,,,10000.0,0.0
-1,130500,EMERALDS,9992,15,9990,21,,,10008,15,10010,21,,,10000.0,0.0
-1,130600,EMERALDS,9992,13,9990,21,,,10008,13,10010,21,,,10000.0,0.0
-1,130700,EMERALDS,9992,15,9990,20,,,10008,15,10010,20,,,10000.0,0.0
-1,130800,EMERALDS,9992,15,9990,23,,,10008,15,10010,23,,,10000.0,0.0
-1,130900,EMERALDS,9992,14,9990,30,,,10008,14,10010,30,,,10000.0,0.0
-1,131000,EMERALDS,9992,12,9990,26,,,10008,12,10010,26,,,10000.0,0.0
-1,131100,EMERALDS,9992,15,9990,20,,,10008,15,10010,20,,,10000.0,0.0
-1,131200,EMERALDS,9992,13,9990,30,,,10008,13,10010,30,,,10000.0,0.0
-1,131300,EMERALDS,9992,13,9990,20,,,10008,13,10010,20,,,10000.0,0.0
-1,131400,EMERALDS,9992,13,9990,21,,,10008,13,10010,21,,,10000.0,0.0
-1,131500,EMERALDS,9992,14,9990,26,,,10008,14,10010,26,,,10000.0,0.0
-1,131600,EMERALDS,9992,12,9990,30,,,10008,12,10010,30,,,10000.0,0.0
-1,131700,EMERALDS,9992,14,9990,29,,,10008,14,10010,29,,,10000.0,0.0
-1,131800,EMERALDS,9992,10,9990,27,,,10008,10,10010,27,,,10000.0,0.0
-1,131900,EMERALDS,9992,13,9990,25,,,10008,13,10010,25,,,10000.0,0.0
-1,132000,EMERALDS,9992,11,9990,26,,,10008,11,10010,26,,,10000.0,0.0
-1,132100,EMERALDS,9992,15,9990,24,,,10008,15,10010,24,,,10000.0,0.0
-1,132200,EMERALDS,9992,14,9990,27,,,10008,14,10010,27,,,10000.0,0.0
-1,132300,EMERALDS,9992,13,9990,24,,,10008,13,10010,24,,,10000.0,0.0
-1,132400,EMERALDS,9992,15,9990,22,,,10008,15,10010,22,,,10000.0,0.0
-1,132500,EMERALDS,9992,12,9990,28,,,10008,12,10010,28,,,10000.0,0.0
-1,132600,EMERALDS,9992,13,9990,29,,,10008,13,10010,29,,,10000.0,0.0
-1,132700,EMERALDS,9992,13,9990,23,,,10008,13,10010,23,,,10000.0,0.0
-1,132800,EMERALDS,9992,15,9990,23,,,10008,15,10010,23,,,10000.0,0.0
-1,132900,EMERALDS,9992,12,9990,30,,,10008,12,10010,30,,,10000.0,0.0
-1,133000,EMERALDS,9992,13,9990,23,,,10008,13,10010,23,,,10000.0,0.0
-1,133100,EMERALDS,9992,14,9990,23,,,10008,14,10010,23,,,10000.0,0.0
-1,133200,EMERALDS,9992,13,9990,27,,,10008,13,10010,27,,,10000.0,0.0
-1,133300,EMERALDS,9992,15,9990,30,,,10008,15,10010,30,,,10000.0,0.0
-1,133400,EMERALDS,9992,12,9990,29,,,10008,12,10010,29,,,10000.0,0.0
-1,133500,EMERALDS,9992,14,9990,28,,,10008,14,10010,28,,,10000.0,0.0
-1,133600,EMERALDS,9992,12,9990,21,,,10008,12,10010,21,,,10000.0,0.0
-1,133700,EMERALDS,9992,15,9990,26,,,10008,15,10010,26,,,10000.0,0.0
-1,133800,EMERALDS,9992,12,9990,21,,,10008,12,10010,21,,,10000.0,0.0
-1,133900,EMERALDS,9992,14,9990,22,,,10008,14,10010,22,,,10000.0,0.0
-1,134000,EMERALDS,9992,10,9990,24,,,10008,10,10010,24,,,10000.0,0.0
-1,134100,EMERALDS,9992,10,9990,23,,,10008,10,10010,23,,,10000.0,0.0
-1,134200,EMERALDS,9992,12,9990,29,,,10008,12,10010,29,,,10000.0,0.0
-1,134300,EMERALDS,9992,14,9990,30,,,10008,14,10010,30,,,10000.0,0.0
-1,134400,EMERALDS,9992,11,9990,23,,,10008,11,10010,23,,,10000.0,0.0
-1,134500,EMERALDS,9992,10,9990,24,,,10008,10,10010,24,,,10000.0,0.0
-1,134600,EMERALDS,9992,13,9990,22,,,10008,13,10010,22,,,10000.0,0.0
-1,134700,EMERALDS,9992,14,9990,20,,,10008,14,10010,20,,,10000.0,0.0
-1,134800,EMERALDS,9992,11,9990,30,,,10008,11,10010,30,,,10000.0,0.0
-1,134900,EMERALDS,9992,11,9990,21,,,10008,11,10010,21,,,10000.0,0.0
-1,135000,EMERALDS,9992,13,9990,22,,,10008,13,10010,22,,,10000.0,0.0
-1,135100,EMERALDS,9992,13,9990,20,,,10008,13,10010,20,,,10000.0,0.0
-1,135200,EMERALDS,9992,11,9990,20,,,10008,11,10010,20,,,10000.0,0.0
-1,135300,EMERALDS,9992,11,9990,20,,,10008,11,10010,20,,,10000.0,0.0
-1,135400,EMERALDS,9992,12,9990,29,,,10008,12,10010,29,,,10000.0,0.0
-1,135500,EMERALDS,9992,15,9990,29,,,10008,15,10010,29,,,10000.0,0.0
-1,135600,EMERALDS,9992,14,9990,21,,,10008,14,10010,21,,,10000.0,0.0
-1,135700,EMERALDS,9992,12,9990,26,,,10008,12,10010,26,,,10000.0,0.0
-1,135800,EMERALDS,9992,13,9990,24,,,10008,13,10010,24,,,10000.0,0.0
-1,135900,EMERALDS,9992,11,9990,27,,,10008,11,10010,27,,,10000.0,0.0
-1,136000,EMERALDS,9992,15,9990,30,,,10008,15,10010,30,,,10000.0,0.0
-1,136100,EMERALDS,9992,11,9990,29,,,10008,11,10010,29,,,10000.0,0.0
-1,136200,EMERALDS,9992,11,9990,28,,,10008,11,10010,28,,,10000.0,0.0
-1,136300,EMERALDS,9992,15,9990,30,,,10008,15,10010,30,,,10000.0,0.0
-1,136400,EMERALDS,9992,12,9990,28,,,10008,12,10010,28,,,10000.0,0.0
-1,136500,EMERALDS,9992,11,9990,24,,,10008,11,10010,24,,,10000.0,0.0
-1,136600,EMERALDS,9992,13,9990,25,,,10008,13,10010,25,,,10000.0,0.0
-1,136700,EMERALDS,9992,15,9990,24,,,10008,15,10010,24,,,10000.0,0.0
-1,136800,EMERALDS,9992,12,9990,26,,,10008,12,10010,26,,,10000.0,0.0
-1,136900,EMERALDS,9992,12,9990,23,,,10008,12,10010,23,,,10000.0,0.0
-1,137000,EMERALDS,9992,11,9990,28,,,10008,11,10010,28,,,10000.0,0.0
-1,137100,EMERALDS,9992,10,9990,24,,,10008,10,10010,24,,,10000.0,0.0
-1,137200,EMERALDS,9992,13,9990,23,,,10008,13,10010,23,,,10000.0,0.0
-1,137300,EMERALDS,9992,14,9990,27,,,10008,14,10010,27,,,10000.0,0.0
-1,137400,EMERALDS,9992,10,9990,27,,,10008,10,10010,27,,,10000.0,0.0
-1,137500,EMERALDS,9992,10,9990,29,,,10008,10,10010,29,,,10000.0,0.0
-1,137600,EMERALDS,9992,10,9990,21,,,10008,10,10010,21,,,10000.0,0.0
-1,137700,EMERALDS,9992,13,9990,27,,,10008,13,10010,27,,,10000.0,0.0
-1,137800,EMERALDS,9992,14,9990,22,,,10008,14,10010,22,,,10000.0,0.0
-1,137900,EMERALDS,9992,12,9990,28,,,10008,12,10010,28,,,10000.0,0.0
-1,138000,EMERALDS,9992,15,9990,30,,,10008,15,10010,30,,,10000.0,0.0
-1,138100,EMERALDS,9992,15,9990,29,,,10008,15,10010,29,,,10000.0,0.0
-1,138200,EMERALDS,9992,14,9990,22,,,10008,14,10010,22,,,10000.0,0.0
-1,138300,EMERALDS,9992,12,9990,30,,,10008,12,10010,30,,,10000.0,0.0
-1,138400,EMERALDS,9992,10,9990,24,,,10000,5,10008,10,10010.0,24.0,9996.0,0.0
-1,138500,EMERALDS,9992,13,9990,22,,,10008,13,10010,22,,,10000.0,0.0
-1,138600,EMERALDS,9992,12,9990,30,,,10008,12,10010,30,,,10000.0,0.0
-1,138700,EMERALDS,9992,13,9990,23,,,10008,13,10010,23,,,10000.0,0.0
-1,138800,EMERALDS,9992,11,9990,29,,,10008,11,10010,29,,,10000.0,0.0
-1,138900,EMERALDS,9992,10,9990,21,,,10008,10,10010,21,,,10000.0,0.0
-1,139000,EMERALDS,9992,10,9990,30,,,10008,10,10010,30,,,10000.0,0.0
-1,139100,EMERALDS,10000,7,9992,14,9990.0,22.0,10008,14,10010,22,,,10004.0,0.0
-1,139200,EMERALDS,9992,10,9990,24,,,10008,10,10010,24,,,10000.0,0.0
-1,139300,EMERALDS,9992,12,9990,20,,,10008,12,10010,20,,,10000.0,0.0
-1,139400,EMERALDS,9992,15,9990,24,,,10008,15,10010,24,,,10000.0,0.0
-1,139500,EMERALDS,9992,11,9990,20,,,10008,11,10010,20,,,10000.0,0.0
-1,139600,EMERALDS,9992,13,9990,25,,,10008,13,10010,25,,,10000.0,0.0
-1,139700,EMERALDS,9992,11,9990,25,,,10008,11,10010,25,,,10000.0,0.0
-1,139800,EMERALDS,9992,10,9990,26,,,10008,10,10010,26,,,10000.0,0.0
-1,139900,EMERALDS,9992,13,9990,22,,,10008,13,10010,22,,,10000.0,0.0
-1,140000,EMERALDS,9992,15,9990,22,,,10008,15,10010,22,,,10000.0,0.0
-1,140100,EMERALDS,9992,15,9990,27,,,10008,15,10010,27,,,10000.0,0.0
-1,140200,EMERALDS,9992,11,9990,28,,,10008,11,10010,28,,,10000.0,0.0
-1,140300,EMERALDS,9992,12,9990,26,,,10008,12,10010,26,,,10000.0,0.0
-1,140400,EMERALDS,9992,13,9990,27,,,10008,13,10010,27,,,10000.0,0.0
-1,140500,EMERALDS,9992,15,9990,26,,,10008,15,10010,26,,,10000.0,0.0
-1,140600,EMERALDS,9992,12,9990,27,,,10008,12,10010,27,,,10000.0,0.0
-1,140700,EMERALDS,9992,11,9990,21,,,10008,11,10010,21,,,10000.0,0.0
-1,140800,EMERALDS,9992,11,9990,26,,,10008,11,10010,26,,,10000.0,0.0
-1,140900,EMERALDS,9992,14,9990,28,,,10008,14,10010,28,,,10000.0,0.0
-1,141000,EMERALDS,9992,15,9990,20,,,10008,15,10010,20,,,10000.0,0.0
-1,141100,EMERALDS,9992,11,9990,28,,,10008,11,10010,28,,,10000.0,0.0
-1,141200,EMERALDS,9992,10,9990,24,,,10008,10,10010,24,,,10000.0,0.0
-1,141300,EMERALDS,9992,14,9990,22,,,10008,14,10010,22,,,10000.0,0.0
-1,141400,EMERALDS,9992,14,9990,26,,,10008,14,10010,26,,,10000.0,0.0
-1,141500,EMERALDS,9992,11,9990,27,,,10008,11,10010,27,,,10000.0,0.0
-1,141600,EMERALDS,10000,10,9992,11,9990.0,29.0,10008,11,10010,29,,,10004.0,0.0
-1,141700,EMERALDS,10000,9,9992,14,9990.0,22.0,10008,14,10010,22,,,10004.0,0.0
-1,141800,EMERALDS,9992,15,9990,24,,,10008,15,10010,24,,,10000.0,0.0
-1,141900,EMERALDS,9992,14,9990,20,,,10008,14,10010,20,,,10000.0,0.0
-1,142000,EMERALDS,9992,10,9990,26,,,10008,10,10010,26,,,10000.0,0.0
-1,142100,EMERALDS,9992,13,9990,30,,,10008,13,10010,30,,,10000.0,0.0
-1,142200,EMERALDS,9992,15,9990,22,,,10008,15,10010,22,,,10000.0,0.0
-1,142300,EMERALDS,9992,12,9990,23,,,10008,12,10010,23,,,10000.0,0.0
-1,142400,EMERALDS,9992,13,9990,29,,,10008,13,10010,29,,,10000.0,0.0
-1,142500,EMERALDS,10000,7,9992,12,9990.0,22.0,10008,12,10010,22,,,10004.0,0.0
-1,142600,EMERALDS,9992,12,9990,28,,,10008,12,10010,28,,,10000.0,0.0
-1,142700,EMERALDS,9992,11,9990,28,,,10008,11,10010,28,,,10000.0,0.0
-1,142800,EMERALDS,9992,12,9990,21,,,10008,12,10010,21,,,10000.0,0.0
-1,142900,EMERALDS,9992,15,9990,27,,,10008,15,10010,27,,,10000.0,0.0
-1,143000,EMERALDS,9992,13,9990,23,,,10008,13,10010,23,,,10000.0,0.0
-1,143100,EMERALDS,9992,13,9990,29,,,10008,13,10010,29,,,10000.0,0.0
-1,143200,EMERALDS,9992,12,9990,30,,,10008,12,10010,30,,,10000.0,0.0
-1,143300,EMERALDS,9992,10,9990,26,,,10008,10,10010,26,,,10000.0,0.0
-1,143400,EMERALDS,9992,15,9990,26,,,10008,15,10010,26,,,10000.0,0.0
-1,143500,EMERALDS,9992,14,9990,24,,,10008,14,10010,24,,,10000.0,0.0
-1,143600,EMERALDS,9992,13,9990,22,,,10008,13,10010,22,,,10000.0,0.0
-1,143700,EMERALDS,9992,10,9990,25,,,10008,10,10010,25,,,10000.0,0.0
-1,143800,EMERALDS,9992,14,9990,28,,,10008,14,10010,28,,,10000.0,0.0
-1,143900,EMERALDS,9992,10,9990,24,,,10008,10,10010,24,,,10000.0,0.0
-1,144000,EMERALDS,9992,13,9990,22,,,10008,13,10010,22,,,10000.0,0.0
-1,144100,EMERALDS,9992,13,9990,22,,,10008,13,10010,22,,,10000.0,0.0
-1,144200,EMERALDS,9992,13,9990,22,,,10000,6,10008,13,10010.0,22.0,9996.0,0.0
-1,144300,EMERALDS,9992,13,9990,28,,,10008,13,10010,28,,,10000.0,0.0
-1,144400,EMERALDS,9992,10,9990,28,,,10008,10,10010,28,,,10000.0,0.0
-1,144500,EMERALDS,9992,11,9990,24,,,10008,11,10010,24,,,10000.0,0.0
-1,144600,EMERALDS,9992,15,9990,23,,,10008,15,10010,23,,,10000.0,0.0
-1,144700,EMERALDS,9992,10,9990,20,,,10008,10,10010,20,,,10000.0,0.0
-1,144800,EMERALDS,9992,13,9990,24,,,10008,13,10010,24,,,10000.0,0.0
-1,144900,EMERALDS,9992,13,9990,28,,,10008,13,10010,28,,,10000.0,0.0
-1,145000,EMERALDS,9992,10,9990,25,,,10008,10,10010,25,,,10000.0,0.0
-1,145100,EMERALDS,9992,12,9990,26,,,10008,12,10010,26,,,10000.0,0.0
-1,145200,EMERALDS,9992,11,9990,24,,,10008,11,10010,24,,,10000.0,0.0
-1,145300,EMERALDS,9992,15,9990,23,,,10008,15,10010,23,,,10000.0,0.0
-1,145400,EMERALDS,9992,15,9990,22,,,10008,15,10010,22,,,10000.0,0.0
-1,145500,EMERALDS,9992,10,9990,27,,,10008,10,10010,27,,,10000.0,0.0
