day,timestamp,product,bid_price_1,bid_volume_1,bid_price_2,bid_volume_2,bid_price_3,bid_volume_3,ask_price_1,ask_volume_1,ask_price_2,ask_volume_2,ask_price_3,ask_volume_3,mid_price,profit_and_loss
-1,0,TOMATOES,4999,5,4998,15,,,5013,5,5014,15,,,5006.0,0.0
-1,100,TOMATOES,5000,8,4998,21,,,5013,8,5014,21,,,5006.5,0.0
-1,200,TOMATOES,5000,10,4999,20,,,5013,10,5015,20,,,5006.5,0.0
-1,300,TOMATOES,5000,9,4999,21,,,5014,9,5015,21,,,5007.0,0.0
-1,400,TOMATOES,5000,5,4999,20,,,5014,5,5015,20,,,5007.0,0.0
-1,500,TOMATOES,5000,6,4999,25,,,5014,6,5015,25,,,5007.0,0.0
-1,600,TOMATOES,5005,5,5000,8,4999.0,25.0,5014,8,5015,25,,,5009.5,0.0
-1,700,TOMATOES,5000,10,4999,18,,,5014,10,5015,18,,,5007.0,0.0
-1,800,TOMATOES,5000,8,4998,15,,,5013,8,5014,15,,,5006.5,0.0
-1,900,TOMATOES,5000,6,4998,23,,,5013,6,5015,23,,,5006.5,0.0
-1,1000,TOMATOES,5000,7,4999,22,,,5014,7,5015,22,,,5007.0,0.0
-1,1100,TOMATOES,5007,8,5000,5,4999.0,17.0,5013,5,5015,17,,,5010.0,0.0
-1,1200,TOMATOES,5000,6,4999,16,,,5014,6,5015,16,,,5007.0,0.0
-1,1300,TOMATOES,5001,9,5000,25,,,5014,9,5016,25,,,5007.5,0.0
-1,1400,TOMATOES,5000,9,4999,19,,,5014,9,5015,19,,,5007.0,0.0
-1,1500,TOMATOES,5008,8,5000,7,4999.0,21.0,5014,7,5015,21,,,5011.0,0.0
-1,1600,TOMATOES,5001,6,4999,19,,,5014,6,5015,19,,,5007.5,0.0
-1,1700,TOMATOES,5000,5,4999,15,,,5014,5,5015,15,,,5007.0,0.0
-1,1800,TOMATOES,5000,8,4998,17,,,5013,8,5014,17,,,5006.5,0.0
-1,1900,TOMATOES,5000,10,4999,20,,,5013,10,5015,20,,,5006.5,0.0
-1,2000,TOMATOES,4999,5,4998,18,,,5013,5,5014,18,,,5006.0,0.0
-1,2100,TOMATOES,4999,10,4997,20,,,5012,10,5013,20,,,5005.5,0.0
-1,2200,TOMATOES,4997,7,4996,15,,,5011,7,5012,15,,,5004.0,0.0
-1,2300,TOMATOES,4997,9,4995,21,,,5010,9,5011,21,,,5003.5,0.0
-1,2400,TOMATOES,4996,7,4995,21,,,5010,7,5011,21,,,5003.0,0.0
-1,2500,TOMATOES,4996,6,4995,24,,,5009,6,5011,24,,,5002.5,0.0
-1,2600,TOMATOES,4996,7,4995,19,,,5009,7,5011,19,,,5002.5,0.0
-1,2700,TOMATOES,4997,10,4995,24,,,5010,10,5011,24,,,5003.5,0.0
-1,2800,TOMATOES,4997,5,4996,15,,,5011,5,5012,15,,,5004.0,0.0
-1,2900,TOMATOES,4997,10,4996,24,,,5011,10,5012,24,,,5004.0,0.0
-1,3000,TOMATOES,4996,6,4995,18,,,5010,6,5011,18,,,5003.0,0.0
-1,3100,TOMATOES,4996,7,4995,18,,,5010,7,5011,18,,,5003.0,0.0
-1,3200,TOMATOES,4996,6,4995,16,,,5009,6,5011,16,,,5002.5,0.0
-1,3300,TOMATOES,4996,9,4995,23,,,5010,9,5011,23,,,5003.0,0.0
-1,3400,TOMATOES,4996,10,4994,17,,,5009,10,5011,17,,,5002.5,0.0
-1,3500,TOMATOES,4995,6,4993,17,,,5008,6,5009,17,,,5001.5,0.0
-1,3600,TOMATOES,4995,7,4993,21,,,5008,7,5009,21,,,5001.5,0.0
-1,3700,TOMATOES,4995,6,4994,25,,,5008,6,5010,25,,,5001.5,0.0
-1,3800,TOMATOES,4994,9,4993,24,,,5008,9,5009,24,,,5001.0,0.0
-1,3900,TOMATOES,4995,9,4994,16,,,5009,9,5010,16,,,5002.0,0.0
-1,4000,TOMATOES,4996,7,4994,19,,,5009,7,5010,19,,,5002.5,0.0
-1,4100,TOMATOES,4996,7,4994,18,,,5009,7,5010,18,,,5002.5,0.0
-1,4200,TOMATOES,4996,7,4994,25,,,5009,7,5010,25,,,5002.5,0.0
-1,4300,TOMATOES,4995,6,4994,25,,,5002,6,5008,6,5010.0,25.0,4998.5,0.0
-1,4400,TOMATOES,4995,5,4994,24,,,5008,5,5010,24,,,5001.5,0.0
-1,4500,TOMATOES,4995,9,4994,18,,,5009,9,5010,18,,,5002.0,0.0
-1,4600,TOMATOES,4995,7,4994,17,,,5009,7,5010,17,,,5002.0,0.0
-1,4700,TOMATOES,4995,7,4994,18,,,5009,7,5010,18,,,5002.0,0.0
-1,4800,TOMATOES,4995,7,4994,23,,,5009,7,5010,23,,,5002.0,0.0
-1,4900,TOMATOES,4995,10,4994,18,,,5009,10,5010,18,,,5002.0,0.0
-1,5000,TOMATOES,4996,9,4995,24,,,5009,9,5011,24,,,5002.5,0.0
-1,5100,TOMATOES,4996,10,4994,17,,,5009,10,5010,17,,,5002.5,0.0
-1,5200,TOMATOES,4996,6,4994,23,,,5009,6,5010,23,,,5002.5,0.0
-1,5300,TOMATOES,4996,7,4995,23,,,5009,7,5011,23,,,5002.5,0.0
-1,5400,TOMATOES,4996,5,4995,15,,,5009,5,5011,15,,,5002.5,0.0
-1,5500,TOMATOES,4996,9,4994,22,,,5009,9,5010,22,,,5002.5,0.0
-1,5600,TOMATOES,4996,9,4995,15,,,5009,9,5011,15,,,5002.5,0.0
-1,5700,TOMATOES,5003,8,4995,9,4994.0,18.0,5009,9,5010,18,,,5006.0,0.0
-1,5800,TOMATOES,4995,7,4993,20,,,5008,7,5009,20,,,5001.5,0.0
-1,5900,TOMATOES,4995,6,4994,19,,,5008,6,5010,19,,,5001.5,0.0
-1,6000,TOMATOES,4995,6,4994,23,,,5009,6,5010,23,,,5002.0,0.0
-1,6100,TOMATOES,4995,9,4994,24,,,5009,9,5010,24,,,5002.0,0.0
-1,6200,TOMATOES,4996,7,4994,19,,,5009,7,5010,19,,,5002.5,0.0
-1,6300,TOMATOES,4995,9,4994,17,,,5009,9,5010,17,,,5002.0,0.0
-1,6400,TOMATOES,4995,6,4994,24,,,5009,6,5010,24,,,5002.0,0.0
-1,6500,TOMATOES,4995,6,4994,21,,,5009,6,5010,21,,,5002.0,0.0
-1,6600,TOMATOES,4996,8,4994,20,,,5009,8,5010,20,,,5002.5,0.0
-1,6700,TOMATOES,4996,10,4995,20,,,5009,10,5011,20,,,5002.5,0.0
-1,6800,TOMATOES,4997,10,4996,21,,,5010,10,5012,21,,,5003.5,0.0
-1,6900,TOMATOES,4996,8,4995,19,,,5010,8,5011,19,,,5003.0,0.0
-1,7000,TOMATOES,4997,8,4996,19,,,5010,8,5012,19,,,5003.5,0.0
-1,7100,TOMATOES,4998,8,4996,23,,,5011,8,5012,23,,,5004.5,0.0
-1,7200,TOMATOES,4997,6,4996,17,,,5011,6,5012,17,,,5004.0,0.0
-1,7300,TOMATOES,4997,7,4996,19,,,5011,7,5012,19,,,5004.0,0.0
-1,7400,TOMATOES,4997,10,4996,17,,,5011,10,5012,17,,,5004.0,0.0
-1,7500,TOMATOES,4998,8,4997,18,,,5011,8,5013,18,,,5004.5,0.0
-1,7600,TOMATOES,4998,8,4997,19,,,5012,8,5013,19,,,5005.0,0.0
-1,7700,TOMATOES,4998,6,4997,21,,,5012,6,5013,21,,,5005.0,0.0
-1,7800,TOMATOES,4998,9,4997,17,,,5011,9,5013,17,,,5004.5,0.0
-1,7900,TOMATOES,4999,8,4997,19,,,5012,8,5013,19,,,5005.5,0.0
-1,8000,TOMATOES,4999,6,4997,21,,,5012,6,5013,21,,,5005.5,0.0
-1,8100,TOMATOES,4999,7,4998,24,,,5013,7,5014,24,,,5006.0,0.0
-1,8200,TOMATOES,4999,6,4998,15,,,5013,6,5014,15,,,5006.0,0.0
-1,8300,TOMATOES,4999,9,4998,22,,,5013,9,5014,22,,,5006.0,0.0
-1,8400,TOMATOES,5000,6,4999,20,,,5014,6,5015,20,,,5007.0,0.0
-1,8500,TOMATOES,5000,10,4999,17,,,5014,10,5015,17,,,5007.0,0.0
-1,8600,TOMATOES,5000,7,4999,23,,,5014,7,5015,23,,,5007.0,0.0
-1,8700,TOMATOES,5001,5,5000,16,,,5014,5,5016,16,,,5007.5,0.0
-1,8800,TOMATOES,5001,7,4999,21,,,5014,7,5015,21,,,5007.5,0.0
-1,8900,TOMATOES,5000,10,4999,16,,,5014,10,5015,16,,,5007.0,0.0
-1,9000,TOMATOES,5000,9,4999,17,,,5014,9,5015,17,,,5007.0,0.0
-1,9100,TOMATOES,5000,6,4999,21,,,5013,6,5015,21,,,5006.5,0.0
-1,9200,TOMATOES,5000,9,4999,17,,,5014,9,5015,17,,,5007.0,0.0
-1,9300,TOMATOES,5000,9,4999,22,,,5014,9,5015,22,,,5007.0,0.0
-1,9400,TOMATOES,5000,5,4999,21,,,5013,5,5015,21,,,5006.5,0.0
-1,9500,TOMATOES,5000,10,4999,19,,,5013,10,5015,19,,,5006.5,0.0
-1,9600,TOMATOES,4999,7,4998,20,,,5013,7,5014,20,,,5006.0,0.0
-1,9700,TOMATOES,5000,8,4998,21,,,5013,8,5014,21,,,5006.5,0.0
-1,9800,TOMATOES,5000,5,4999,17,,,5013,5,5015,17,,,5006.5,0.0
-1,9900,TOMATOES,5000,7,4999,17,,,5013,7,5015,17,,,5006.5,0.0
-1,10000,TOMATOES,5000,7,4998,20,,,5013,7,5014,20,,,5006.5,0.0
-1,10100,TOMATOES,5000,5,4999,18,,,5014,5,5015,18,,,5007.0,0.0
-1,10200,TOMATOES,5001,7,5000,20,,,5015,7,5016,20,,,5008.0,0.0
-1,10300,TOMATOES,5002,6,5001,22,,,5015,6,5017,22,,,5008.5,0.0
-1,10400,TOMATOES,5002,7,5001,23,,,5015,7,5017,23,,,5008.5,0.0
-1,10500,TOMATOES,5002,5,5001,25,,,5016,5,5017,25,,,5009.0,0.0
-1,10600,TOMATOES,5002,6,5000,25,,,5009,4,5015,6,5016.0,25.0,5005.5,0.0
-1,10700,TOMATOES,5002,7,5001,15,,,5015,7,5017,15,,,5008.5,0.0
-1,10800,TOMATOES,5001,8,4999,20,,,5014,8,5015,20,,,5007.5,0.0
-1,10900,TOMATOES,5000,8,4998,17,,,5013,8,5014,17,,,5006.5,0.0
-1,11000,TOMATOES,4999,5,4998,17,,,5013,5,5014,17,,,5006.0,0.0
-1,11100,TOMATOES,4999,6,4998,22,,,5012,6,5014,22,,,5005.5,0.0
-1,11200,TOMATOES,4999,5,4998,15,,,5013,5,5014,15,,,5006.0,0.0
-1,11300,TOMATOES,4999,10,4998,24,,,5012,10,5014,24,,,5005.5,0.0
-1,11400,TOMATOES,4999,10,4998,19,,,5012,10,5014,19,,,5005.5,0.0
-1,11500,TOMATOES,4999,5,4997,21,,,5012,5,5013,21,,,5005.5,0.0
-1,11600,TOMATOES,4999,8,4997,18,,,5012,8,5013,18,,,5005.5,0.0
-1,11700,TOMATOES,4999,6,4997,19,,,5012,6,5013,19,,,5005.5,0.0
-1,11800,TOMATOES,4999,8,4997,25,,,5006,5,5012,8,5013.0,25.0,5002.5,0.0
-1,11900,TOMATOES,4999,10,4998,20,,,5013,10,5014,20,,,5006.0,0.0
-1,12000,TOMATOES,4998,5,4997,18,,,5012,5,5013,18,,,5005.0,0.0
-1,12100,TOMATOES,4999,7,4998,22,,,5012,7,5014,22,,,5005.5,0.0
-1,12200,TOMATOES,5000,6,4998,22,,,5013,6,5014,22,,,5006.5,0.0
-1,12300,TOMATOES,5000,10,4999,25,,,5014,10,5015,25,,,5007.0,0.0
-1,12400,TOMATOES,5001,8,4999,22,,,5014,8,5015,22,,,5007.5,0.0
-1,12500,TOMATOES,5000,6,4999,20,,,5014,6,5015,20,,,5007.0,0.0
-1,12600,TOMATOES,5000,7,4999,18,,,5013,7,5015,18,,,5006.5,0.0
-1,12700,TOMATOES,4999,7,4998,15,,,5012,7,5014,15,,,5005.5,0.0
-1,12800,TOMATOES,4999,6,4998,25,,,5012,6,5014,25,,,5005.5,0.0
-1,12900,TOMATOES,4998,8,4997,16,,,5012,8,5013,16,,,5005.0,0.0
-1,13000,TOMATOES,4998,5,4997,21,,,5012,5,5013,21,,,5005.0,0.0
-1,13100,TOMATOES,4997,9,4996,17,,,5011,9,5012,17,,,5004.0,0.0
-1,13200,TOMATOES,4998,5,4996,25,,,5011,5,5012,25,,,5004.5,0.0
-1,13300,TOMATOES,4998,6,4997,17,,,5011,6,5013,17,,,5004.5,0.0
-1,13400,TOMATOES,4998,9,4997,22,,,5012,9,5013,22,,,5005.0,0.0
-1,13500,TOMATOES,4999,8,4997,24,,,5012,8,5013,24,,,5005.5,0.0
-1,13600,TOMATOES,4999,6,4998,20,,,5012,6,5014,20,,,5005.5,0.0
-1,13700,TOMATOES,5006,5,4998,6,4997.0,23.0,5012,6,5013,23,,,5009.0,0.0
-1,13800,TOMATOES,4998,5,4997,16,,,5011,5,5013,16,,,5004.5,0.0
-1,13900,TOMATOES,4997,9,4996,15,,,5004,6,5011,9,5012.0,15.0,5000.5,0.0
-1,14000,TOMATOES,4998,7,4996,16,,,5011,7,5012,16,,,5004.5,0.0
-1,14100,TOMATOES,4997,5,4996,19,,,5011,5,5012,19,,,5004.0,0.0
-1,14200,TOMATOES,4997,10,4996,25,,,5011,10,5012,25,,,5004.0,0.0
-1,14300,TOMATOES,4997,8,4996,20,,,5010,8,5012,20,,,5003.5,0.0
-1,14400,TOMATOES,4998,6,4996,21,,,5011,6,5012,21,,,5004.5,0.0
-1,14500,TOMATOES,4997,6,4996,21,,,5010,6,5012,21,,,5003.5,0.0
-1,14600,TOMATOES,4997,9,4995,22,,,5004,2,5010,9,5011.0,22.0,5000.5,0.0
-1,14700,TOMATOES,4996,9,4995,22,,,5010,9,5011,22,,,5003.0,0.0
-1,14800,TOMATOES,4996,10,4995,17,,,5010,10,5011,17,,,5003.0,0.0
-1,14900,TOMATOES,5001,4,4996,10,4995.0,22.0,5009,10,5011,22,,,5005.0,0.0
-1,15000,TOMATOES,4996,10,4995,25,,,5010,10,5011,25,,,5003.0,0.0
-1,15100,TOMATOES,4997,9,4996,25,,,5010,9,5012,25,,,5003.5,0.0
-1,15200,TOMATOES,4996,6,4995,17,,,5010,6,5011,17,,,5003.0,0.0
-1,15300,TOMATOES,4996,9,4995,21,,,5010,9,5011,21,,,5003.0,0.0
-1,15400,TOMATOES,4996,6,4995,18,,,5010,6,5011,18,,,5003.0,0.0
-1,15500,TOMATOES,4997,8,4995,25,,,5010,8,5011,25,,,5003.5,0.0
-1,15600,TOMATOES,4997,7,4996,22,,,5011,7,5012,22,,,5004.0,0.0
-1,15700,TOMATOES,4997,5,4996,15,,,5011,5,5012,15,,,5004.0,0.0
-1,15800,TOMATOES,4998,10,4997,21,,,5012,10,5013,21,,,5005.0,0.0
-1,15900,TOMATOES,4998,5,4996,16,,,5005,6,5011,5,5012.0,16.0,5001.5,0.0
-1,16000,TOMATOES,4997,5,4996,19,,,5011,5,5012,19,,,5004.0,0.0
-1,16100,TOMATOES,4997,10,4996,24,,,5005,2,5011,10,5012.0,24.0,5001.0,0.0
-1,16200,TOMATOES,4997,8,4995,15,,,5010,8,5011,15,,,5003.5,0.0
-1,16300,TOMATOES,4996,6,4995,22,,,5009,6,5011,22,,,5002.5,0.0
-1,16400,TOMATOES,4996,9,4995,25,,,5010,9,5011,25,,,5003.0,0.0
-1,16500,TOMATOES,4996,6,4995,23,,,5010,6,5011,23,,,5003.0,0.0
-1,16600,TOMATOES,4996,10,4995,21,,,5010,10,5011,21,,,5003.0,0.0
-1,16700,TOMATOES,4996,5,4995,21,,,5009,5,5011,21,,,5002.5,0.0
-1,16800,TOMATOES,4996,6,4995,19,,,5010,6,5011,19,,,5003.0,0.0
-1,16900,TOMATOES,4996,6,4994,20,,,5009,6,5010,20,,,5002.5,0.0
-1,17000,TOMATOES,4996,9,4994,25,,,5009,9,5010,25,,,5002.5,0.0
-1,17100,TOMATOES,4995,8,4994,17,,,5009,8,5010,17,,,5002.0,0.0
-1,17200,TOMATOES,4996,6,4995,23,,,5009,6,5011,23,,,5002.5,0.0
-1,17300,TOMATOES,4996,8,4995,21,,,5010,8,5011,21,,,5003.0,0.0
-1,17400,TOMATOES,5001,6,4996,5,4995.0,19.0,5010,5,5011,19,,,5005.5,0.0
-1,17500,TOMATOES,4996,9,4995,25,,,5010,9,5011,25,,,5003.0,0.0
-1,17600,TOMATOES,4996,10,4995,23,,,5009,10,5011,23,,,5002.5,0.0
-1,17700,TOMATOES,4996,7,4994,19,,,5009,7,5010,19,,,5002.5,0.0
-1,17800,TOMATOES,4996,7,4995,22,,,5009,7,5011,22,,,5002.5,0.0
-1,17900,TOMATOES,4995,9,4994,17,,,5009,9,5010,17,,,5002.0,0.0
-1,18000,TOMATOES,4995,7,4994,15,,,5008,7,5010,15,,,5001.5,0.0
-1,18100,TOMATOES,4995,10,4994,22,,,5009,10,5010,22,,,5002.0,0.0
-1,18200,TOMATOES,4995,10,4993,20,,,5008,10,5009,20,,,5001.5,0.0
-1,18300,TOMATOES,4994,5,4993,24,,,5008,5,5009,24,,,5001.0,0.0
-1,18400,TOMATOES,4994,5,4993,25,,,5008,5,5009,25,,,5001.0,0.0
-1,18500,TOMATOES,4994,6,4992,25,,,5001,2,5007,6,5008.0,25.0,4997.5,0.0
-1,18600,TOMATOES,4993,6,4992,23,,,5007,6,5008,23,,,5000.0,0.0
-1,18700,TOMATOES,4993,7,4992,22,,,5007,7,5008,22,,,5000.0,0.0
-1,18800,TOMATOES,4992,9,4991,21,,,5006,9,5007,21,,,4999.0,0.0
-1,18900,TOMATOES,4992,10,4991,23,,,5005,10,5007,23,,,4998.5,0.0
-1,19000,TOMATOES,4992,10,4990,22,,,5005,10,5006,22,,,4998.5,0.0
-1,19100,TOMATOES,4991,9,4990,20,,,5005,9,5006,20,,,4998.0,0.0
-1,19200,TOMATOES,4991,9,4990,24,,,5005,9,5006,24,,,4998.0,0.0
-1,19300,TOMATOES,4992,10,4991,18,,,5006,10,5007,18,,,4999.0,0.0
-1,19400,TOMATOES,4993,5,4991,18,,,5006,5,5007,18,,,4999.5,0.0
-1,19500,TOMATOES,4993,5,4991,17,,,5006,5,5007,17,,,4999.5,0.0
-1,19600,TOMATOES,4992,5,4991,18,,,5006,5,5007,18,,,4999.0,0.0
-1,19700,TOMATOES,4993,10,4991,18,,,5006,10,5007,18,,,4999.5,0.0
-1,19800,TOMATOES,4993,7,4992,24,,,5006,7,5008,24,,,4999.5,0.0
-1,19900,TOMATOES,4992,5,4991,18,,,5006,5,5007,18,,,4999.0,0.0
-1,20000,TOMATOES,4992,6,4991,15,,,5006,6,5007,15,,,4999.0,0.0
-1,20100,TOMATOES,4992,7,4991,16,,,5005,7,5007,16,,,4998.5,0.0
-1,20200,TOMATOES,4993,5,4991,23,,,5006,5,5007,23,,,4999.5,0.0
-1,20300,TOMATOES,4993,7,4991,20,,,5006,7,5007,20,,,4999.5,0.0
-1,20400,TOMATOES,4992,6,4991,25,,,4999,4,5006,6,5007.0,25.0,4995.5,0.0
-1,20500,TOMATOES,4996,4,4991,7,4990.0,20.0,5005,7,5006,20,,,5000.5,0.0
-1,20600,TOMATOES,4992,5,4990,25,,,5005,5,5006,25,,,4998.5,0.0
-1,20700,TOMATOES,4997,6,4992,6,4991.0,20.0,5005,6,5007,20,,,5001.0,0.0
-1,20800,TOMATOES,4992,7,4991,23,,,5006,7,5007,23,,,4999.0,0.0
-1,20900,TOMATOES,4993,5,4991,19,,,5006,5,5007,19,,,4999.5,0.0
-1,21000,TOMATOES,4993,10,4992,21,,,5007,10,5008,21,,,5000.0,0.0
-1,21100,TOMATOES,4992,6,4991,20,,,5006,6,5007,20,,,4999.0,0.0
-1,21200,TOMATOES,4991,6,4990,22,,,5005,6,5006,22,,,4998.0,0.0
-1,21300,TOMATOES,4992,8,4991,22,,,5005,8,5007,22,,,4998.5,0.0
-1,21400,TOMATOES,4991,7,4990,15,,,5005,7,5006,15,,,4998.0,0.0
-1,21500,TOMATOES,4992,9,4991,17,,,5006,9,5007,17,,,4999.0,0.0
-1,21600,TOMATOES,4992,8,4991,16,,,5006,8,5007,16,,,4999.0,0.0
-1,21700,TOMATOES,4992,8,4991,20,,,5006,8,5007,20,,,4999.0,0.0
-1,21800,TOMATOES,4992,6,4991,24,,,5006,6,5007,24,,,4999.0,0.0
-1,21900,TOMATOES,4991,9,4990,21,,,5005,9,5006,21,,,4998.0,0.0
-1,22000,TOMATOES,4992,6,4990,19,,,5005,6,5006,19,,,4998.5,0.0
-1,22100,TOMATOES,4991,7,4990,25,,,5005,7,5006,25,,,4998.0,0.0
-1,22200,TOMATOES,4991,6,4990,16,,,5005,6,5006,16,,,4998.0,0.0
-1,22300,TOMATOES,4991,6,4990,23,,,5005,6,5006,23,,,4998.0,0.0
-1,22400,TOMATOES,4990,7,4989,18,,,5004,7,5005,18,,,4997.0,0.0
-1,22500,TOMATOES,4991,9,4989,17,,,5004,9,5005,17,,,4997.5,0.0
-1,22600,TOMATOES,4998,7,4996,6,4991.0,5.0,5004,5,5005,24,,,5001.0,0.0
-1,22700,TOMATOES,4991,6,4990,20,,,5004,6,5006,20,,,4997.5,0.0
-1,22800,TOMATOES,4991,6,4990,24,,,5004,6,5006,24,,,4997.5,0.0
-1,22900,TOMATOES,4991,10,4989,22,,,5004,10,5005,22,,,4997.5,0.0
-1,23000,TOMATOES,4990,5,4989,23,,,5003,5,5005,23,,,4996.5,0.0
-1,23100,TOMATOES,4990,8,4989,18,,,5003,8,5005,18,,,4996.5,0.0
-1,23200,TOMATOES,4990,10,4988,17,,,5003,10,5004,17,,,4996.5,0.0
-1,23300,TOMATOES,4989,9,4988,23,,,5003,9,5004,23,,,4996.0,0.0
-1,23400,TOMATOES,4989,5,4988,15,,,5003,5,5004,15,,,4996.0,0.0
-1,23500,TOMATOES,4989,7,4988,24,,,5002,7,5004,24,,,4995.5,0.0
-1,23600,TOMATOES,4989,10,4988,15,,,5003,10,5004,15,,,4996.0,0.0
-1,23700,TOMATOES,4989,7,4988,22,,,5003,7,5004,22,,,4996.0,0.0
-1,23800,TOMATOES,4989,5,4988,23,,,5002,5,5004,23,,,4995.5,0.0
-1,23900,TOMATOES,4988,5,4987,24,,,5002,5,5003,24,,,4995.0,0.0
-1,24000,TOMATOES,4988,5,4987,24,,,5001,5,5003,24,,,4994.5,0.0
-1,24100,TOMATOES,4989,7,4987,19,,,5002,7,5003,19,,,4995.5,0.0
-1,24200,TOMATOES,4989,10,4988,18,,,5002,10,5004,18,,,4995.5,0.0
-1,24300,TOMATOES,4989,6,4988,19,,,5002,6,5004,19,,,4995.5,0.0
-1,24400,TOMATOES,4989,9,4988,22,,,5003,9,5004,22,,,4996.0,0.0
-1,24500,TOMATOES,4989,5,4988,24,,,5002,5,5004,24,,,4995.5,0.0
-1,24600,TOMATOES,4988,5,4987,23,,,5002,5,5003,23,,,4995.0,0.0
-1,24700,TOMATOES,4988,9,4987,25,,,5001,9,5003,25,,,4994.5,0.0
-1,24800,TOMATOES,4989,8,4988,23,,,5002,8,5004,23,,,4995.5,0.0
-1,24900,TOMATOES,4988,6,4987,20,,,5002,6,5003,20,,,4995.0,0.0
-1,25000,TOMATOES,4988,6,4987,21,,,5002,6,5003,21,,,4995.0,0.0
-1,25100,TOMATOES,4988,7,4987,16,,,5002,7,5003,16,,,4995.0,0.0
-1,25200,TOMATOES,4989,5,4988,18,,,5002,5,5004,18,,,4995.5,0.0
-1,25300,TOMATOES,4989,8,4987,16,,,5002,8,5003,16,,,4995.5,0.0
-1,25400,TOMATOES,4989,7,4988,20,,,5003,7,5004,20,,,4996.0,0.0
-1,25500,TOMATOES,4989,10,4988,16,,,5003,10,5004,16,,,4996.0,0.0
-1,25600,TOMATOES,4989,6,4988,16,,,5003,6,5004,16,,,4996.0,0.0
-1,25700,TOMATOES,4989,9,4988,17,,,5003,9,5004,17,,,4996.0,0.0
-1,25800,TOMATOES,4989,7,4988,16,,,5003,7,5004,16,,,4996.0,0.0
-1,25900,TOMATOES,4989,10,4988,23,,,5002,10,5004,23,,,4995.5,0.0
-1,26000,TOMATOES,4988,10,4987,24,,,5002,10,5003,24,,,4995.0,0.0
-1,26100,TOMATOES,4988,8,4987,17,,,5002,8,5003,17,,,4995.0,0.0
-1,26200,TOMATOES,4988,7,4987,22,,,5002,7,5003,22,,,4995.0,0.0
-1,26300,TOMATOES,4987,7,4986,22,,,5001,7,5002,22,,,4994.0,0.0
-1,26400,TOMATOES,4988,9,4986,23,,,5001,9,5002,23,,,4994.5,0.0
-1,26500,TOMATOES,4988,5,4986,25,,,5001,5,5002,25,,,4994.5,0.0
-1,26600,TOMATOES,4987,9,4986,19,,,5001,9,5002,19,,,4994.0,0.0
-1,26700,TOMATOES,4988,10,4987,21,,,5002,10,5003,21,,,4995.0,0.0
-1,26800,TOMATOES,4989,7,4987,18,,,4994,6,5002,7,5003.0,18.0,4991.5,0.0
-1,26900,TOMATOES,4988,5,4987,22,,,5001,5,5003,22,,,4994.5,0.0
-1,27000,TOMATOES,4988,9,4987,20,,,5002,9,5003,20,,,4995.0,0.0
-1,27100,TOMATOES,4989,8,4987,20,,,5002,8,5003,20,,,4995.5,0.0
-1,27200,TOMATOES,4988,5,4987,20,,,5002,5,5003,20,,,4995.0,0.0
-1,27300,TOMATOES,4988,10,4987,22,,,5002,10,5003,22,,,4995.0,0.0
-1,27400,TOMATOES,4995,11,4988,9,4987.0,17.0,5002,9,5003,17,,,4998.5,0.0
-1,27500,TOMATOES,4988,10,4986,22,,,5001,10,5002,22,,,4994.5,0.0
-1,27600,TOMATOES,4987,7,4986,18,,,5001,7,5002,18,,,4994.0,0.0
-1,27700,TOMATOES,4987,8,4986,24,,,5001,8,5002,24,,,4994.0,0.0
-1,27800,TOMATOES,4987,7,4986,19,,,5001,7,5002,19,,,4994.0,0.0
-1,27900,TOMATOES,4987,8,4985,19,,,5000,8,5001,19,,,4993.5,0.0
-1,28000,TOMATOES,4987,5,4986,19,,,5000,5,5002,19,,,4993.5,0.0
-1,28100,TOMATOES,4987,5,4986,24,,,5000,5,5002,24,,,4993.5,0.0
-1,28200,TOMATOES,4987,5,4986,24,,,5001,5,5002,24,,,4994.0,0.0
-1,28300,TOMATOES,4987,9,4986,25,,,5001,9,5002,25,,,4994.0,0.0
-1,28400,TOMATOES,4986,9,4985,18,,,5000,9,5001,18,,,4993.0,0.0
-1,28500,TOMATOES,4986,9,4985,20,,,5000,9,5001,20,,,4993.0,0.0
-1,28600,TOMATOES,4986,5,4985,15,,,5000,5,5001,15,,,4993.0,0.0
-1,28700,TOMATOES,4987,8,4985,17,,,5000,8,5001,17,,,4993.5,0.0
-1,28800,TOMATOES,4987,5,4985,22,,,5000,5,5001,22,,,4993.5,0.0
-1,28900,TOMATOES,4994,6,4986,10,4985.0,21.0,5000,10,5001,21,,,4997.0,0.0
-1,29000,TOMATOES,4986,10,4985,18,,,5000,10,5001,18,,,4993.0,0.0
-1,29100,TOMATOES,4985,6,4984,23,,,4999,6,5000,23,,,4992.0,0.0
-1,29200,TOMATOES,4986,5,4985,21,,,5000,5,5001,21,,,4993.0,0.0
-1,29300,TOMATOES,4986,8,4984,22,,,4999,8,5000,22,,,4992.5,0.0
-1,29400,TOMATOES,4986,6,4984,23,,,4999,6,5000,23,,,4992.5,0.0
-1,29500,TOMATOES,4985,7,4984,22,,,4998,7,5000,22,,,4991.5,0.0
-1,29600,TOMATOES,4984,6,4983,25,,,4998,6,4999,25,,,4991.0,0.0
-1,29700,TOMATOES,4984,8,4982,24,,,4997,8,4998,24,,,4990.5,0.0
-1,29800,TOMATOES,4983,10,4982,20,,,4997,10,4998,20,,,4990.0,0.0
-1,29900,TOMATOES,4983,9,4982,17,,,4997,9,4998,17,,,4990.0,0.0
-1,30000,TOMATOES,4983,5,4982,16,,,4988,7,4997,5,4998.0,16.0,4985.5,0.0
-1,30100,TOMATOES,4982,9,4981,22,,,4996,9,4997,22,,,4989.0,0.0
-1,30200,TOMATOES,4983,9,4982,20,,,4996,9,4998,20,,,4989.5,0.0
-1,30300,TOMATOES,4983,6,4982,25,,,4996,6,4998,25,,,4989.5,0.0
-1,30400,TOMATOES,4987,5,4982,8,4981.0,25.0,4996,8,4997,25,,,4991.5,0.0
-1,30500,TOMATOES,4982,10,4981,21,,,4996,10,4997,21,,,4989.0,0.0
-1,30600,TOMATOES,4983,5,4982,16,,,4997,5,4998,16,,,4990.0,0.0
-1,30700,TOMATOES,4983,10,4982,18,,,4997,10,4998,18,,,4990.0,0.0
-1,30800,TOMATOES,4983,6,4982,21,,,4997,6,4998,21,,,4990.0,0.0
-1,30900,TOMATOES,4982,9,4981,18,,,4996,9,4997,18,,,4989.0,0.0
-1,31000,TOMATOES,4988,4,4983,8,4982.0,25.0,4997,8,4998,25,,,4992.5,0.0
-1,31100,TOMATOES,4984,8,4983,17,,,4998,8,4999,17,,,4991.0,0.0
-1,31200,TOMATOES,4984,10,4983,17,,,4997,10,4999,17,,,4990.5,0.0
-1,31300,TOMATOES,4983,5,4982,25,,,4997,5,4998,25,,,4990.0,0.0
-1,31400,TOMATOES,4984,9,4982,24,,,4997,9,4998,24,,,4990.5,0.0
-1,31500,TOMATOES,4983,9,4982,24,,,4997,9,4998,24,,,4990.0,0.0
-1,31600,TOMATOES,4983,9,4982,19,,,4997,9,4998,19,,,4990.0,0.0
-1,31700,TOMATOES,4983,8,4982,25,,,4997,8,4998,25,,,4990.0,0.0
-1,31800,TOMATOES,4988,6,4983,9,4982.0,22.0,4997,9,4998,22,,,4992.5,0.0
-1,31900,TOMATOES,4983,10,4982,21,,,4996,10,4998,21,,,4989.5,0.0
-1,32000,TOMATOES,4983,6,4982,24,,,4997,6,4998,24,,,4990.0,0.0
-1,32100,TOMATOES,4984,10,4982,19,,,4997,10,4998,19,,,4990.5,0.0
-1,32200,TOMATOES,4984,9,4982,16,,,4997,9,4998,16,,,4990.5,0.0
-1,32300,TOMATOES,4984,10,4983,17,,,4997,10,4999,17,,,4990.5,0.0
-1,32400,TOMATOES,4984,9,4983,23,,,4997,9,4999,23,,,4990.5,0.0
-1,32500,TOMATOES,4984,9,4983,25,,,4998,9,4999,25,,,4991.0,0.0
-1,32600,TOMATOES,4985,6,4983,24,,,4998,6,4999,24,,,4991.5,0.0
-1,32700,TOMATOES,4984,9,4983,15,,,4998,9,4999,15,,,4991.0,0.0
-1,32800,TOMATOES,4985,5,4984,19,,,4998,5,5000,19,,,4991.5,0.0
-1,32900,TOMATOES,4985,8,4984,15,,,4998,8,5000,15,,,4991.5,0.0
-1,33000,TOMATOES,4985,6,4984,19,,,4999,6,5000,19,,,4992.0,0.0
-1,33100,TOMATOES,4984,7,4983,25,,,4998,7,4999,25,,,4991.0,0.0
-1,33200,TOMATOES,4984,9,4983,24,,,4989,8,4998,9,4999.0,24.0,4986.5,0.0
-1,33300,TOMATOES,4984,6,4982,16,,,4997,6,4998,16,,,4990.5,0.0
-1,33400,TOMATOES,4985,10,4983,20,,,4998,10,4999,20,,,4991.5,0.0
-1,33500,TOMATOES,4985,6,4983,25,,,4998,6,4999,25,,,4991.5,0.0
-1,33600,TOMATOES,4984,6,4983,21,,,4998,6,4999,21,,,4991.0,0.0
-1,33700,TOMATOES,4984,7,4983,18,,,4997,7,4999,18,,,4990.5,0.0
-1,33800,TOMATOES,4984,7,4983,18,,,4998,7,4999,18,,,4991.0,0.0
-1,33900,TOMATOES,4984,10,4983,21,,,4998,10,4999,21,,,4991.0,0.0
-1,34000,TOMATOES,4985,8,4983,18,,,4998,8,4999,18,,,4991.5,0.0
-1,34100,TOMATOES,4984,10,4983,23,,,4997,10,4999,23,,,4990.5,0.0
-1,34200,TOMATOES,4983,10,4982,18,,,4997,10,4998,18,,,4990.0,0.0
-1,34300,TOMATOES,4983,6,4982,22,,,4997,6,4998,22,,,4990.0,0.0
-1,34400,TOMATOES,4984,5,4982,16,,,4997,5,4998,16,,,4990.5,0.0
-1,34500,TOMATOES,4984,8,4983,20,,,4997,8,4999,20,,,4990.5,0.0
-1,34600,TOMATOES,4984,10,4983,25,,,4997,10,4999,25,,,4990.5,0.0
-1,34700,TOMATOES,4984,10,4983,22,,,4998,10,4999,22,,,4991.0,0.0
-1,34800,TOMATOES,4985,10,4984,20,,,4999,10,5000,20,,,4992.0,0.0
-1,34900,TOMATOES,4985,10,4984,22,,,4998,10,5000,22,,,4991.5,0.0
-1,35000,TOMATOES,4985,8,4984,25,,,4999,8,5000,25,,,4992.0,0.0
-1,35100,TOMATOES,4986,5,4985,15,,,5000,5,5001,15,,,4993.0,0.0
-1,35200,TOMATOES,4986,8,4985,15,,,5000,8,5001,15,,,4993.0,0.0
-1,35300,TOMATOES,4986,9,4985,22,,,5000,9,5001,22,,,4993.0,0.0
-1,35400,TOMATOES,4987,7,4985,16,,,5000,7,5001,16,,,4993.5,0.0
-1,35500,TOMATOES,4987,7,4985,18,,,5000,7,5001,18,,,4993.5,0.0
-1,35600,TOMATOES,4987,8,4986,21,,,5000,8,5002,21,,,4993.5,0.0
-1,35700,TOMATOES,4987,6,4985,15,,,5000,6,5001,15,,,4993.5,0.0
-1,35800,TOMATOES,4986,9,4985,21,,,5000,9,5001,21,,,4993.0,0.0
-1,35900,TOMATOES,4987,10,4986,25,,,5000,10,5002,25,,,4993.5,0.0
-1,36000,TOMATOES,4986,9,4985,24,,,5000,9,5001,24,,,4993.0,0.0
-1,36100,TOMATOES,4986,7,4985,19,,,5000,7,5001,19,,,4993.0,0.0
-1,36200,TOMATOES,4986,7,4985,17,,,5000,7,5001,17,,,4993.0,0.0
-1,36300,TOMATOES,4987,8,4986,24,,,5000,8,5002,24,,,4993.5,0.0
-1,36400,TOMATOES,4986,6,4985,18,,,5000,6,5001,18,,,4993.0,0.0
-1,36500,TOMATOES,4986,10,4985,25,,,5000,10,5001,25,,,4993.0,0.0
-1,36600,TOMATOES,4985,10,4984,19,,,4999,10,5000,19,,,4992.0,0.0
-1,36700,TOMATOES,4985,8,4984,18,,,4998,8,4999,18,,,4991.5,0.0
-1,36800,TOMATOES,4985,6,4984,25,,,4998,6,5000,25,,,4991.5,0.0
-1,36900,TOMATOES,4985,10,4984,19,,,4999,10,5000,19,,,4992.0,0.0
-1,37000,TOMATOES,4985,9,4984,17,,,4998,9,5000,17,,,4991.5,0.0
-1,37100,TOMATOES,4985,8,4984,22,,,4998,8,5000,22,,,4991.5,0.0
-1,37200,TOMATOES,4985,10,4984,25,,,4998,10,5000,25,,,4991.5,0.0
-1,37300,TOMATOES,4985,6,4984,24,,,4998,6,5000,24,,,4991.5,0.0
-1,37400,TOMATOES,4985,8,4984,18,,,4998,8,5000,18,,,4991.5,0.0
-1,37500,TOMATOES,4985,6,4984,15,,,4999,6,5000,15,,,4992.0,0.0
-1,37600,TOMATOES,4985,5,4984,20,,,4998,5,5000,20,,,4991.5,0.0
-1,37700,TOMATOES,4985,6,4983,16,,,4998,6,4999,16,,,4991.5,0.0
-1,37800,TOMATOES,4984,6,4983,20,,,4997,6,4999,20,,,4990.5,0.0
-1,37900,TOMATOES,4984,6,4983,22,,,4997,6,4998,22,,,4990.5,0.0
-1,38000,TOMATOES,4983,6,4982,16,,,4997,6,4998,16,,,4990.0,0.0
-1,38100,TOMATOES,4982,8,4981,21,,,4996,8,4997,21,,,4989.0,0.0
-1,38200,TOMATOES,4982,9,4981,15,,,4995,9,4997,15,,,4988.5,0.0
-1,38300,TOMATOES,4982,7,4981,17,,,4995,7,4997,17,,,4988.5,0.0
-1,38400,TOMATOES,4982,7,4981,18,,,4990,6,4996,7,4997.0,18.0,4986.0,0.0
-1,38500,TOMATOES,4981,9,4980,23,,,4995,9,4996,23,,,4988.0,0.0
-1,38600,TOMATOES,4981,6,4980,23,,,4994,6,4996,23,,,4987.5,0.0
-1,38700,TOMATOES,4981,10,4979,15,,,4994,10,4995,15,,,4987.5,0.0
-1,38800,TOMATOES,4981,9,4979,17,,,4994,9,4995,17,,,4987.5,0.0
-1,38900,TOMATOES,4981,10,4979,25,,,4994,10,4995,25,,,4987.5,0.0
-1,39000,TOMATOES,4980,10,4979,19,,,4994,10,4995,19,,,4987.0,0.0
-1,39100,TOMATOES,4980,7,4979,22,,,4993,7,4995,22,,,4986.5,0.0
-1,39200,TOMATOES,4980,5,4979,24,,,4993,5,4995,24,,,4986.5,0.0
-1,39300,TOMATOES,4979,6,4978,23,,,4992,6,4994,23,,,4985.5,0.0
-1,39400,TOMATOES,4978,8,4977,20,,,4992,8,4993,20,,,4985.0,0.0
-1,39500,TOMATOES,4978,5,4977,24,,,4992,5,4993,24,,,4985.0,0.0
-1,39600,TOMATOES,4978,7,4977,19,,,4991,7,4993,19,,,4984.5,0.0
-1,39700,TOMATOES,4978,10,4977,17,,,4991,10,4993,17,,,4984.5,0.0
-1,39800,TOMATOES,4978,5,4977,23,,,4991,5,4993,23,,,4984.5,0.0
-1,39900,TOMATOES,4979,8,4977,18,,,4992,8,4993,18,,,4985.5,0.0
-1,40000,TOMATOES,4979,6,4977,23,,,4992,6,4993,23,,,4985.5,0.0
-1,40100,TOMATOES,4977,7,4976,24,,,4991,7,4992,24,,,4984.0,0.0
-1,40200,TOMATOES,4977,5,4976,20,,,4991,5,4992,20,,,4984.0,0.0
-1,40300,TOMATOES,4978,5,4977,23,,,4991,5,4993,23,,,4984.5,0.0
-1,40400,TOMATOES,4977,7,4976,25,,,4991,7,4992,25,,,4984.0,0.0
-1,40500,TOMATOES,4977,6,4976,25,,,4990,6,4992,25,,,4983.5,0.0
-1,40600,TOMATOES,4976,5,4975,18,,,4990,5,4991,18,,,4983.0,0.0
-1,40700,TOMATOES,4977,5,4976,22,,,4990,5,4992,22,,,4983.5,0.0
-1,40800,TOMATOES,4977,5,4975,16,,,4990,5,4991,16,,,4983.5,0.0
-1,40900,TOMATOES,4977,6,4975,25,,,4990,6,4991,25,,,4983.5,0.0
-1,41000,TOMATOES,4977,10,4976,16,,,4991,10,4992,16,,,4984.0,0.0
-1,41100,TOMATOES,4978,8,4977,21,,,4991,8,4993,21,,,4984.5,0.0
-1,41200,TOMATOES,4978,8,4976,18,,,4991,8,4992,18,,,4984.5,0.0
-1,41300,TOMATOES,4978,10,4976,15,,,4991,10,4992,15,,,4984.5,0.0
-1,41400,TOMATOES,4977,6,4976,15,,,4985,4,4991,6,4992.0,15.0,4981.0,0.0
-1,41500,TOMATOES,4978,5,4977,16,,,4991,5,4992,16,,,4984.5,0.0
-1,41600,TOMATOES,4977,5,4976,24,,,4990,5,4992,24,,,4983.5,0.0
-1,41700,TOMATOES,4983,5,4977,10,4976.0,17.0,4991,10,4992,17,,,4987.0,0.0
-1,41800,TOMATOES,4978,10,4976,17,,,4991,10,4992,17,,,4984.5,0.0
-1,41900,TOMATOES,4978,7,4976,19,,,4991,7,4992,19,,,4984.5,0.0
-1,42000,TOMATOES,4977,6,4976,16,,,4991,6,4992,16,,,4984.0,0.0
-1,42100,TOMATOES,4977,9,4976,25,,,4991,9,4992,25,,,4984.0,0.0
-1,42200,TOMATOES,4976,6,4975,19,,,4990,6,4991,19,,,4983.0,0.0
-1,42300,TOMATOES,4976,7,4975,18,,,4989,7,4991,18,,,4982.5,0.0
-1,42400,TOMATOES,4976,7,4974,23,,,4989,7,4990,23,,,4982.5,0.0
-1,42500,TOMATOES,4975,6,4974,23,,,4989,6,4990,23,,,4982.0,0.0
-1,42600,TOMATOES,4975,7,4974,18,,,4988,7,4990,18,,,4981.5,0.0
-1,42700,TOMATOES,4976,8,4975,22,,,4989,8,4991,22,,,4982.5,0.0
-1,42800,TOMATOES,4976,5,4974,17,,,4989,5,4990,17,,,4982.5,0.0
-1,42900,TOMATOES,4976,5,4975,18,,,4989,5,4991,18,,,4982.5,0.0
-1,43000,TOMATOES,4975,9,4974,21,,,4989,9,4990,21,,,4982.0,0.0
-1,43100,TOMATOES,4975,9,4974,19,,,4989,9,4990,19,,,4982.0,0.0
-1,43200,TOMATOES,4976,10,4975,24,,,4989,10,4990,24,,,4982.5,0.0
-1,43300,TOMATOES,4975,7,4974,20,,,4989,7,4990,20,,,4982.0,0.0
-1,43400,TOMATOES,4976,10,4975,16,,,4989,10,4990,16,,,4982.5,0.0
-1,43500,TOMATOES,4983,8,4976,6,4975.0,15.0,4990,6,4991,15,,,4986.5,0.0
-1,43600,TOMATOES,4976,9,4975,15,,,4989,9,4991,15,,,4982.5,0.0
-1,43700,TOMATOES,4976,6,4975,22,,,4989,6,4990,22,,,4982.5,0.0
-1,43800,TOMATOES,4976,7,4974,15,,,4989,7,4990,15,,,4982.5,0.0
-1,43900,TOMATOES,4975,10,4974,15,,,4989,10,4990,15,,,4982.0,0.0
-1,44000,TOMATOES,4976,7,4974,17,,,4989,7,4990,17,,,4982.5,0.0
-1,44100,TOMATOES,4976,9,4975,24,,,4989,9,4991,24,,,4982.5,0.0
-1,44200,TOMATOES,4977,8,4976,20,,,4991,8,4992,20,,,4984.0,0.0
-1,44300,TOMATOES,4978,9,4977,17,,,4991,9,4993,17,,,4984.5,0.0
-1,44400,TOMATOES,4978,9,4977,17,,,4992,9,4993,17,,,4985.0,0.0
-1,44500,TOMATOES,4978,8,4976,21,,,4991,8,4992,21,,,4984.5,0.0
-1,44600,TOMATOES,4978,10,4977,25,,,4991,10,4993,25,,,4984.5,0.0
-1,44700,TOMATOES,4978,6,4976,23,,,4991,6,4992,23,,,4984.5,0.0
-1,44800,TOMATOES,4978,8,4976,23,,,4991,8,4992,23,,,4984.5,0.0
-1,44900,TOMATOES,4977,6,4976,19,,,4990,6,4992,19,,,4983.5,0.0
-1,45000,TOMATOES,4976,8,4975,18,,,4989,8,4991,18,,,4982.5,0.0
-1,45100,TOMATOES,4976,10,4975,22,,,4990,10,4991,22,,,4983.0,0.0
-1,45200,TOMATOES,4976,10,4975,21,,,4989,10,4991,21,,,4982.5,0.0
-1,45300,TOMATOES,4976,7,4975,15,,,4990,7,4991,15,,,4983.0,0.0
-1,45400,TOMATOES,4976,6,4975,23,,,4989,6,4991,23,,,4982.5,0.0
-1,45500,TOMATOES,4976,10,4975,18,,,4983,3,4989,10,4991.0,18.0,4979.5,0.0
-1,45600,TOMATOES,4983,7,4976,9,4975.0,15.0,4989,9,4991,15,,,4986.0,0.0
-1,45700,TOMATOES,4977,7,4976,16,,,4990,7,4991,16,,,4983.5,0.0
-1,45800,TOMATOES,4976,6,4975,18,,,4990,6,4991,18,,,4983.0,0.0
-1,45900,TOMATOES,4976,9,4975,17,,,4990,9,4991,17,,,4983.0,0.0
-1,46000,TOMATOES,4977,10,4975,21,,,4990,10,4991,21,,,4983.5,0.0
-1,46100,TOMATOES,4976,5,4975,22,,,4990,5,4991,22,,,4983.0,0.0
-1,46200,TOMATOES,4976,7,4975,19,,,4989,7,4991,19,,,4982.5,0.0
-1,46300,TOMATOES,4976,8,4975,22,,,4990,8,4991,22,,,4983.0,0.0
-1,46400,TOMATOES,4976,5,4975,18,,,4990,5,4991,18,,,4983.0,0.0
-1,46500,TOMATOES,4982,6,4977,5,4975.0,23.0,4990,5,4991,23,,,4986.0,0.0
-1,46600,TOMATOES,4976,6,4975,17,,,4982,9,4990,6,4991.0,17.0,4979.0,0.0
-1,46700,TOMATOES,4976,9,4975,17,,,4989,9,4991,17,,,4982.5,0.0
-1,46800,TOMATOES,4977,8,4976,18,,,4990,8,4992,18,,,4983.5,0.0
-1,46900,TOMATOES,4977,7,4976,20,,,4991,7,4992,20,,,4984.0,0.0
-1,47000,TOMATOES,4977,7,4976,15,,,4991,7,4992,15,,,4984.0,0.0
-1,47100,TOMATOES,4977,8,4975,15,,,4990,8,4991,15,,,4983.5,0.0
-1,47200,TOMATOES,4977,9,4976,23,,,4991,9,4992,23,,,4984.0,0.0
-1,47300,TOMATOES,4977,9,4976,22,,,4990,9,4992,22,,,4983.5,0.0
-1,47400,TOMATOES,4977,10,4976,18,,,4991,10,4992,18,,,4984.0,0.0
-1,47500,TOMATOES,4977,5,4976,25,,,4990,5,4991,25,,,4983.5,0.0
-1,47600,TOMATOES,4977,6,4976,20,,,4990,6,4992,20,,,4983.5,0.0
-1,47700,TOMATOES,4977,10,4976,22,,,4991,10,4992,22,,,4984.0,0.0
-1,47800,TOMATOES,4978,10,4977,21,,,4991,10,4992,21,,,4984.5,0.0
-1,47900,TOMATOES,4978,5,4976,22,,,4991,5,4992,22,,,4984.5,0.0
-1,48000,TOMATOES,4978,6,4976,20,,,4991,6,4992,20,,,4984.5,0.0
-1,48100,TOMATOES,4978,7,4976,25,,,4991,7,4992,25,,,4984.5,0.0
-1,48200,TOMATOES,4978,6,4977,18,,,4991,6,4992,18,,,4984.5,0.0
-1,48300,TOMATOES,4979,7,4977,20,,,4986,5,4992,7,4993.0,20.0,4982.5,0.0
-1,48400,TOMATOES,4978,10,4977,17,,,4992,10,4993,17,,,4985.0,0.0
-1,48500,TOMATOES,4979,9,4978,25,,,4993,9,4994,25,,,4986.0,0.0
-1,48600,TOMATOES,4981,7,4979,19,,,4994,7,4995,19,,,4987.5,0.0
-1,48700,TOMATOES,4981,8,4980,16,,,4995,8,4996,16,,,4988.0,0.0
-1,48800,TOMATOES,4982,9,4981,24,,,4995,9,4997,24,,,4988.5,0.0
-1,48900,TOMATOES,4982,9,4981,19,,,4996,9,4997,19,,,4989.0,0.0
-1,49000,TOMATOES,4982,8,4981,19,,,4996,8,4997,19,,,4989.0,0.0
-1,49100,TOMATOES,4983,8,4982,19,,,4996,8,4998,19,,,4989.5,0.0
-1,49200,TOMATOES,4983,9,4981,21,,,4996,9,4997,21,,,4989.5,0.0
-1,49300,TOMATOES,4983,6,4982,22,,,4996,6,4997,22,,,4989.5,0.0
-1,49400,TOMATOES,4982,6,4981,23,,,4996,6,4997,23,,,4989.0,0.0
-1,49500,TOMATOES,4981,10,4980,23,,,4995,10,4996,23,,,4988.0,0.0
-1,49600,TOMATOES,4982,9,4980,19,,,4995,9,4996,19,,,4988.5,0.0
-1,49700,TOMATOES,4982,8,4981,23,,,4996,8,4997,23,,,4989.0,0.0
-1,49800,TOMATOES,4983,5,4982,15,,,4997,5,4998,15,,,4990.0,0.0
-1,49900,TOMATOES,4983,6,4981,24,,,4996,6,4997,24,,,4989.5,0.0
-1,50000,TOMATOES,4982,6,4981,15,,,4995,6,4997,15,,,4988.5,0.0
-1,50100,TOMATOES,4982,10,4980,24,,,4995,10,4996,24,,,4988.5,0.0
-1,50200,TOMATOES,4981,10,4980,23,,,4994,10,4996,23,,,4987.5,0.0
-1,50300,TOMATOES,4980,5,4979,16,,,4994,5,4995,16,,,4987.0,0.0
-1,50400,TOMATOES,4980,6,4979,20,,,4987,2,4994,6,4995.0,20.0,4983.5,0.0
-1,50500,TOMATOES,4980,8,4978,24,,,4993,8,4994,24,,,4986.5,0.0
-1,50600,TOMATOES,4979,9,4978,15,,,4992,9,4993,15,,,4985.5,0.0
-1,50700,TOMATOES,4979,5,4978,22,,,4993,5,4994,22,,,4986.0,0.0
-1,50800,TOMATOES,4979,10,4978,18,,,4993,10,4994,18,,,4986.0,0.0
-1,50900,TOMATOES,4980,8,4978,23,,,4993,8,4994,23,,,4986.5,0.0
-1,51000,TOMATOES,4980,10,4979,23,,,4994,10,4995,23,,,4987.0,0.0
-1,51100,TOMATOES,4980,5,4979,19,,,4994,5,4995,19,,,4987.0,0.0
-1,51200,TOMATOES,4980,8,4978,19,,,4993,8,4994,19,,,4986.5,0.0
-1,51300,TOMATOES,4980,5,4979,20,,,4994,5,4995,20,,,4987.0,0.0
-1,51400,TOMATOES,4980,9,4979,22,,,4994,9,4995,22,,,4987.0,0.0
-1,51500,TOMATOES,4981,10,4980,17,,,4995,10,4996,17,,,4988.0,0.0
-1,51600,TOMATOES,4986,5,4981,10,4979.0,17.0,4994,10,4995,17,,,4990.0,0.0
-1,51700,TOMATOES,4981,8,4979,20,,,4994,8,4995,20,,,4987.5,0.0
-1,51800,TOMATOES,4981,7,4979,15,,,4994,7,4995,15,,,4987.5,0.0
-1,51900,TOMATOES,4980,6,4979,15,,,4994,6,4995,15,,,4987.0,0.0
-1,52000,TOMATOES,4981,7,4980,17,,,4994,7,4996,17,,,4987.5,0.0
-1,52100,TOMATOES,4980,6,4979,25,,,4994,6,4995,25,,,4987.0,0.0
-1,52200,TOMATOES,4980,5,4979,21,,,4993,5,4995,21,,,4986.5,0.0
-1,52300,TOMATOES,4980,7,4979,24,,,4993,7,4995,24,,,4986.5,0.0
-1,52400,TOMATOES,4980,7,4978,20,,,4993,7,4994,20,,,4986.5,0.0
-1,52500,TOMATOES,4979,5,4978,19,,,4993,5,4994,19,,,4986.0,0.0
-1,52600,TOMATOES,4980,9,4979,18,,,4987,4,4993,9,4995.0,18.0,4983.5,0.0
-1,52700,TOMATOES,4980,7,4979,25,,,4993,7,4995,25,,,4986.5,0.0
-1,52800,TOMATOES,4981,7,4980,20,,,4994,7,4996,20,,,4987.5,0.0
-1,52900,TOMATOES,4982,9,4980,16,,,4995,9,4996,16,,,4988.5,0.0
-1,53000,TOMATOES,4981,6,4979,25,,,4994,6,4995,25,,,4987.5,0.0
-1,53100,TOMATOES,4982,10,4980,19,,,4995,10,4996,19,,,4988.5,0.0
-1,53200,TOMATOES,4981,6,4980,25,,,4994,6,4996,25,,,4987.5,0.0
-1,53300,TOMATOES,4981,9,4979,20,,,4994,9,4995,20,,,4987.5,0.0
-1,53400,TOMATOES,4981,8,4980,16,,,4995,8,4996,16,,,4988.0,0.0
-1,53500,TOMATOES,4982,7,4981,25,,,4996,7,4997,25,,,4989.0,0.0
-1,53600,TOMATOES,4983,5,4981,16,,,4996,5,4997,16,,,4989.5,0.0
-1,53700,TOMATOES,4983,9,4982,16,,,4997,9,4998,16,,,4990.0,0.0
-1,53800,TOMATOES,4983,7,4982,22,,,4997,7,4998,22,,,4990.0,0.0
-1,53900,TOMATOES,4983,10,4982,21,,,4997,10,4998,21,,,4990.0,0.0
-1,54000,TOMATOES,4984,9,4983,23,,,4997,9,4999,23,,,4990.5,0.0
-1,54100,TOMATOES,4984,8,4983,22,,,4997,8,4999,22,,,4990.5,0.0
-1,54200,TOMATOES,4984,9,4982,20,,,4997,9,4998,20,,,4990.5,0.0
-1,54300,TOMATOES,4984,9,4983,25,,,4997,9,4999,25,,,4990.5,0.0
-1,54400,TOMATOES,4983,10,4982,20,,,4997,10,4998,20,,,4990.0,0.0
-1,54500,TOMATOES,4983,8,4982,15,,,4997,8,4998,15,,,4990.0,0.0
-1,54600,TOMATOES,4984,5,4983,24,,,4997,5,4999,24,,,4990.5,0.0
-1,54700,TOMATOES,4984,5,4982,19,,,4997,5,4998,19,,,4990.5,0.0
-1,54800,TOMATOES,4982,9,4981,17,,,4996,9,4997,17,,,4989.0,0.0
-1,54900,TOMATOES,4983,5,4982,20,,,4996,5,4998,20,,,4989.5,0.0
-1,55000,TOMATOES,4983,5,4982,23,,,4996,5,4998,23,,,4989.5,0.0
-1,55100,TOMATOES,4983,10,4982,25,,,4997,10,4998,25,,,4990.0,0.0
-1,55200,TOMATOES,4983,8,4982,20,,,4996,8,4998,20,,,4989.5,0.0
-1,55300,TOMATOES,4983,5,4982,25,,,4997,5,4998,25,,,4990.0,0.0
-1,55400,TOMATOES,4983,5,4982,16,,,4997,5,4998,16,,,4990.0,0.0
-1,55500,TOMATOES,4983,6,4982,19,,,4996,6,4998,19,,,4989.5,0.0
-1,55600,TOMATOES,4983,9,4981,22,,,4996,9,4997,22,,,4989.5,0.0
-1,55700,TOMATOES,4982,5,4981,15,,,4996,5,4997,15,,,4989.0,0.0
-1,55800,TOMATOES,4982,8,4981,24,,,4995,8,4997,24,,,4988.5,0.0
-1,55900,TOMATOES,4982,8,4981,22,,,4995,8,4997,22,,,4988.5,0.0
-1,56000,TOMATOES,4981,10,4980,18,,,4994,10,4996,18,,,4987.5,0.0
-1,56100,TOMATOES,4981,9,4980,20,,,4994,9,4996,20,,,4987.5,0.0
-1,56200,TOMATOES,4980,7,4979,19,,,4994,7,4995,19,,,4987.0,0.0
-1,56300,TOMATOES,4980,6,4979,25,,,4994,6,4995,25,,,4987.0,0.0
-1,56400,TOMATOES,4981,7,4979,17,,,4994,7,4995,17,,,4987.5,0.0
-1,56500,TOMATOES,4980,6,4979,22,,,4985,9,4994,6,4995.0,22.0,4982.5,0.0
-1,56600,TOMATOES,4981,8,4980,19,,,4995,8,4996,19,,,4988.0,0.0
-1,56700,TOMATOES,4981,7,4979,23,,,4988,2,4994,7,4995.0,23.0,4984.5,0.0
-1,56800,TOMATOES,4981,10,4980,16,,,4994,10,4996,16,,,4987.5,0.0
-1,56900,TOMATOES,4981,8,4979,19,,,4994,8,4995,19,,,4987.5,0.0
-1,57000,TOMATOES,4981,10,4980,24,,,4994,10,4996,24,,,4987.5,0.0
-1,57100,TOMATOES,4981,8,4980,25,,,4995,8,4996,25,,,4988.0,0.0
-1,57200,TOMATOES,4981,10,4980,23,,,4995,10,4996,23,,,4988.0,0.0
-1,57300,TOMATOES,4981,5,4980,16,,,4995,5,4996,16,,,4988.0,0.0
-1,57400,TOMATOES,4981,7,4980,22,,,4995,7,4996,22,,,4988.0,0.0
-1,57500,TOMATOES,4981,10,4980,21,,,4995,10,4996,21,,,4988.0,0.0
-1,57600,TOMATOES,4982,6,4980,17,,,4995,6,4996,17,,,4988.5,0.0
-1,57700,TOMATOES,4982,5,4981,16,,,4995,5,4997,16,,,4988.5,0.0
-1,57800,TOMATOES,4981,10,4980,23,,,4995,10,4996,23,,,4988.0,0.0
-1,57900,TOMATOES,4981,8,4980,19,,,4988,6,4995,8,4996.0,19.0,4984.5,0.0
-1,58000,TOMATOES,4981,8,4980,15,,,4995,8,4996,15,,,4988.0,0.0
-1,58100,TOMATOES,4981,10,4980,22,,,4995,10,4996,22,,,4988.0,0.0
-1,58200,TOMATOES,4981,6,4980,22,,,4995,6,4996,22,,,4988.0,0.0
-1,58300,TOMATOES,4982,5,4980,19,,,4995,5,4996,19,,,4988.5,0.0
-1,58400,TOMATOES,4982,10,4981,24,,,4996,10,4997,24,,,4989.0,0.0
-1,58500,TOMATOES,4982,5,4980,19,,,4995,5,4996,19,,,4988.5,0.0
-1,58600,TOMATOES,4980,10,4979,17,,,4994,10,4995,17,,,4987.0,0.0
-1,58700,TOMATOES,4981,5,4980,17,,,4994,5,4996,17,,,4987.5,0.0
-1,58800,TOMATOES,4980,10,4979,18,,,4994,10,4995,18,,,4987.0,0.0
-1,58900,TOMATOES,4980,10,4979,15,,,4993,10,4995,15,,,4986.5,0.0
-1,59000,TOMATOES,4979,6,4978,25,,,4993,6,4994,25,,,4986.0,0.0
-1,59100,TOMATOES,4979,5,4977,18,,,4992,5,4993,18,,,4985.5,0.0
-1,59200,TOMATOES,4979,9,4977,16,,,4992,9,4993,16,,,4985.5,0.0
-1,59300,TOMATOES,4979,5,4978,23,,,4993,5,4994,23,,,4986.0,0.0
-1,59400,TOMATOES,4979,10,4978,20,,,4992,10,4993,20,,,4985.5,0.0
-1,59500,TOMATOES,4980,6,4979,24,,,4993,6,4995,24,,,4986.5,0.0
-1,59600,TOMATOES,4981,9,4979,22,,,4994,9,4995,22,,,4987.5,0.0
-1,59700,TOMATOES,4980,8,4979,24,,,4993,8,4995,24,,,4986.5,0.0
-1,59800,TOMATOES,4980,9,4979,25,,,4994,9,4995,25,,,4987.0,0.0
-1,59900,TOMATOES,4981,6,4980,22,,,4995,6,4996,22,,,4988.0,0.0
-1,60000,TOMATOES,4982,10,4981,25,,,4995,10,4997,25,,,4988.5,0.0
-1,60100,TOMATOES,4981,7,4980,15,,,4995,7,4996,15,,,4988.0,0.0
-1,60200,TOMATOES,4982,9,4980,18,,,4995,9,4996,18,,,4988.5,0.0
-1,60300,TOMATOES,4982,9,4981,23,,,4996,9,4997,23,,,4989.0,0.0
-1,60400,TOMATOES,4982,10,4981,25,,,4996,10,4997,25,,,4989.0,0.0
-1,60500,TOMATOES,4982,10,4980,24,,,4995,10,4996,24,,,4988.5,0.0
-1,60600,TOMATOES,4982,7,4980,19,,,4995,7,4996,19,,,4988.5,0.0
-1,60700,TOMATOES,4981,5,4980,16,,,4995,5,4996,16,,,4988.0,0.0
-1,60800,TOMATOES,4982,8,4981,22,,,4995,8,4997,22,,,4988.5,0.0
-1,60900,TOMATOES,4982,10,4980,25,,,4995,10,4996,25,,,4988.5,0.0
-1,61000,TOMATOES,4982,9,4980,19,,,4995,9,4996,19,,,4988.5,0.0
-1,61100,TOMATOES,4982,8,4981,15,,,4995,8,4997,15,,,4988.5,0.0
-1,61200,TOMATOES,4982,6,4980,17,,,4989,2,4995,6,4996.0,17.0,4985.5,0.0
-1,61300,TOMATOES,4982,9,4981,23,,,4995,9,4997,23,,,4988.5,0.0
-1,61400,TOMATOES,4990,6,4983,8,4982.0,22.0,4997,8,4998,22,,,4993.5,0.0
-1,61500,TOMATOES,4983,7,4982,22,,,4997,7,4998,22,,,4990.0,0.0
-1,61600,TOMATOES,4984,9,4982,17,,,4997,9,4998,17,,,4990.5,0.0
-1,61700,TOMATOES,4983,8,4982,20,,,4997,8,4998,20,,,4990.0,0.0
-1,61800,TOMATOES,4983,8,4982,21,,,4997,8,4998,21,,,4990.0,0.0
-1,61900,TOMATOES,4983,6,4982,19,,,4996,6,4998,19,,,4989.5,0.0
-1,62000,TOMATOES,4983,10,4982,24,,,4996,10,4998,24,,,4989.5,0.0
-1,62100,TOMATOES,4983,5,4982,20,,,4997,5,4998,20,,,4990.0,0.0
-1,62200,TOMATOES,4983,8,4982,21,,,4996,8,4998,21,,,4989.5,0.0
-1,62300,TOMATOES,4984,7,4982,20,,,4997,7,4998,20,,,4990.5,0.0
-1,62400,TOMATOES,4984,7,4983,15,,,4997,7,4999,15,,,4990.5,0.0
-1,62500,TOMATOES,4984,6,4982,17,,,4997,6,4998,17,,,4990.5,0.0
-1,62600,TOMATOES,4983,8,4982,20,,,4997,8,4998,20,,,4990.0,0.0
-1,62700,TOMATOES,4983,10,4982,15,,,4997,10,4998,15,,,4990.0,0.0
-1,62800,TOMATOES,4984,8,4983,25,,,4997,8,4999,25,,,4990.5,0.0
-1,62900,TOMATOES,4983,10,4982,25,,,4997,10,4998,25,,,4990.0,0.0
-1,63000,TOMATOES,4983,8,4982,16,,,4997,8,4998,16,,,4990.0,0.0
-1,63100,TOMATOES,4984,6,4982,21,,,4997,6,4998,21,,,4990.5,0.0
-1,63200,TOMATOES,4984,6,4983,19,,,4997,6,4999,19,,,4990.5,0.0
-1,63300,TOMATOES,4984,8,4982,22,,,4997,8,4998,22,,,4990.5,0.0
-1,63400,TOMATOES,4984,8,4982,16,,,4997,8,4998,16,,,4990.5,0.0
-1,63500,TOMATOES,4983,5,4982,19,,,4997,5,4998,19,,,4990.0,0.0
-1,63600,TOMATOES,4983,6,4982,24,,,4997,6,4998,24,,,4990.0,0.0
-1,63700,TOMATOES,4984,9,4983,23,,,4997,9,4999,23,,,4990.5,0.0
-1,63800,TOMATOES,4984,6,4982,20,,,4997,6,4998,20,,,4990.5,0.0
-1,63900,TOMATOES,4984,9,4983,19,,,4997,9,4999,19,,,4990.5,0.0
-1,64000,TOMATOES,4984,5,4982,24,,,4997,5,4998,24,,,4990.5,0.0
-1,64100,TOMATOES,4984,7,4983,18,,,4997,7,4999,18,,,4990.5,0.0
-1,64200,TOMATOES,4984,8,4983,22,,,4998,8,4999,22,,,4991.0,0.0
-1,64300,TOMATOES,4983,10,4982,25,,,4997,10,4998,25,,,4990.0,0.0
-1,64400,TOMATOES,4983,8,4982,22,,,4997,8,4998,22,,,4990.0,0.0
-1,64500,TOMATOES,4983,7,4982,15,,,4997,7,4998,15,,,4990.0,0.0
-1,64600,TOMATOES,4984,10,4983,24,,,4997,10,4999,24,,,4990.5,0.0
-1,64700,TOMATOES,4984,5,4983,24,,,4998,5,4999,24,,,4991.0,0.0
-1,64800,TOMATOES,4983,7,4982,17,,,4997,7,4998,17,,,4990.0,0.0
-1,64900,TOMATOES,4984,8,4982,23,,,4997,8,4998,23,,,4990.5,0.0
-1,65000,TOMATOES,4984,6,4983,23,,,4998,6,4999,23,,,4991.0,0.0
-1,65100,TOMATOES,4984,9,4982,19,,,4997,9,4998,19,,,4990.5,0.0
-1,65200,TOMATOES,4983,8,4982,16,,,4997,8,4998,16,,,4990.0,0.0
-1,65300,TOMATOES,4983,6,4982,25,,,4996,6,4998,25,,,4989.5,0.0
-1,65400,TOMATOES,4983,6,4982,23,,,4990,3,4996,6,4998.0,23.0,4986.5,0.0
-1,65500,TOMATOES,4983,6,4982,16,,,4997,6,4998,16,,,4990.0,0.0
-1,65600,TOMATOES,4983,10,4982,22,,,4997,10,4998,22,,,4990.0,0.0
-1,65700,TOMATOES,4983,9,4982,17,,,4997,9,4998,17,,,4990.0,0.0
-1,65800,TOMATOES,4982,5,4981,17,,,4996,5,4997,17,,,4989.0,0.0
-1,65900,TOMATOES,4983,8,4982,23,,,4996,8,4998,23,,,4989.5,0.0
-1,66000,TOMATOES,4983,8,4981,23,,,4996,8,4997,23,,,4989.5,0.0
-1,66100,TOMATOES,4990,8,4983,8,4981.0,25.0,4996,8,4997,25,,,4993.0,0.0
-1,66200,TOMATOES,4987,5,4982,9,4981.0,22.0,4996,9,4997,22,,,4991.5,0.0
-1,66300,TOMATOES,4983,9,4981,20,,,4996,9,4997,20,,,4989.5,0.0
-1,66400,TOMATOES,4982,8,4981,15,,,4996,8,4997,15,,,4989.0,0.0
-1,66500,TOMATOES,4982,9,4980,24,,,4995,9,4996,24,,,4988.5,0.0
-1,66600,TOMATOES,4981,5,4979,17,,,4994,5,4995,17,,,4987.5,0.0
-1,66700,TOMATOES,4981,10,4979,17,,,4994,10,4995,17,,,4987.5,0.0
-1,66800,TOMATOES,4981,7,4980,21,,,4994,7,4996,21,,,4987.5,0.0
-1,66900,TOMATOES,4981,10,4979,21,,,4994,10,4995,21,,,4987.5,0.0
-1,67000,TOMATOES,4981,6,4980,22,,,4994,6,4996,22,,,4987.5,0.0
-1,67100,TOMATOES,4980,7,4979,24,,,4993,7,4995,24,,,4986.5,0.0
-1,67200,TOMATOES,4980,7,4978,24,,,4993,7,4994,24,,,4986.5,0.0
-1,67300,TOMATOES,4980,9,4978,18,,,4993,9,4994,18,,,4986.5,0.0
-1,67400,TOMATOES,4980,5,4979,24,,,4994,5,4995,24,,,4987.0,0.0
-1,67500,TOMATOES,4979,8,4978,22,,,4993,8,4994,22,,,4986.0,0.0
-1,67600,TOMATOES,4980,5,4978,17,,,4993,5,4994,17,,,4986.5,0.0
-1,67700,TOMATOES,4980,9,4979,15,,,4994,9,4995,15,,,4987.0,0.0
-1,67800,TOMATOES,4980,5,4979,23,,,4993,5,4995,23,,,4986.5,0.0
-1,67900,TOMATOES,4979,9,4978,24,,,4993,9,4994,24,,,4986.0,0.0
-1,68000,TOMATOES,4980,7,4978,16,,,4993,7,4994,16,,,4986.5,0.0
-1,68100,TOMATOES,4980,8,4979,23,,,4993,8,4995,23,,,4986.5,0.0
-1,68200,TOMATOES,4979,5,4978,25,,,4993,5,4994,25,,,4986.0,0.0
-1,68300,TOMATOES,4979,8,4978,22,,,4993,8,4994,22,,,4986.0,0.0
-1,68400,TOMATOES,4979,7,4978,22,,,4993,7,4994,22,,,4986.0,0.0
-1,68500,TOMATOES,4980,10,4979,19,,,4993,10,4995,19,,,4986.5,0.0
-1,68600,TOMATOES,4980,5,4979,19,,,4993,5,4995,19,,,4986.5,0.0
-1,68700,TOMATOES,4980,7,4979,24,,,4994,7,4995,24,,,4987.0,0.0
-1,68800,TOMATOES,4981,9,4979,24,,,4994,9,4995,24,,,4987.5,0.0
-1,68900,TOMATOES,4981,8,4979,22,,,4994,8,4995,22,,,4987.5,0.0
-1,69000,TOMATOES,4980,9,4979,16,,,4994,9,4995,16,,,4987.0,0.0
-1,69100,TOMATOES,4980,5,4979,20,,,4994,5,4995,20,,,4987.0,0.0
-1,69200,TOMATOES,4980,10,4979,19,,,4993,10,4994,19,,,4986.5,0.0
-1,69300,TOMATOES,4979,7,4978,16,,,4993,7,4994,16,,,4986.0,0.0
-1,69400,TOMATOES,4979,9,4978,17,,,4993,9,4994,17,,,4986.0,0.0
-1,69500,TOMATOES,4979,10,4978,21,,,4993,10,4994,21,,,4986.0,0.0
-1,69600,TOMATOES,4980,7,4979,15,,,4993,7,4994,15,,,4986.5,0.0
-1,69700,TOMATOES,4980,6,4979,16,,,4994,6,4995,16,,,4987.0,0.0
-1,69800,TOMATOES,4980,9,4979,25,,,4994,9,4995,25,,,4987.0,0.0
-1,69900,TOMATOES,4981,9,4979,25,,,4994,9,4995,25,,,4987.5,0.0
-1,70000,TOMATOES,4981,10,4980,25,,,4994,10,4996,25,,,4987.5,0.0
-1,70100,TOMATOES,4981,9,4980,23,,,4995,9,4996,23,,,4988.0,0.0
-1,70200,TOMATOES,4982,9,4980,18,,,4995,9,4996,18,,,4988.5,0.0
-1,70300,TOMATOES,4981,6,4980,16,,,4994,6,4996,16,,,4987.5,0.0
-1,70400,TOMATOES,4981,6,4979,21,,,4994,6,4995,21,,,4987.5,0.0
-1,70500,TOMATOES,4980,7,4979,19,,,4987,3,4994,7,4995.0,19.0,4983.5,0.0
-1,70600,TOMATOES,4980,10,4979,17,,,4993,10,4995,17,,,4986.5,0.0
-1,70700,TOMATOES,4980,5,4978,21,,,4993,5,4994,21,,,4986.5,0.0
-1,70800,TOMATOES,4980,6,4978,22,,,4993,6,4994,22,,,4986.5,0.0
-1,70900,TOMATOES,4979,9,4977,20,,,4992,9,4993,20,,,4985.5,0.0
-1,71000,TOMATOES,4979,9,4978,19,,,4992,9,4994,19,,,4985.5,0.0
-1,71100,TOMATOES,4979,8,4978,25,,,4992,8,4994,25,,,4985.5,0.0
-1,71200,TOMATOES,4979,5,4978,25,,,4993,5,4994,25,,,4986.0,0.0
-1,71300,TOMATOES,4979,10,4978,21,,,4993,10,4994,21,,,4986.0,0.0
-1,71400,TOMATOES,4980,9,4978,23,,,4993,9,4994,23,,,4986.5,0.0
-1,71500,TOMATOES,4980,5,4979,23,,,4994,5,4995,23,,,4987.0,0.0
-1,71600,TOMATOES,4981,8,4979,16,,,4994,8,4995,16,,,4987.5,0.0
-1,71700,TOMATOES,4981,8,4980,23,,,4994,8,4996,23,,,4987.5,0.0
-1,71800,TOMATOES,4981,8,4980,21,,,4994,8,4996,21,,,4987.5,0.0
-1,71900,TOMATOES,4981,9,4980,19,,,4994,9,4996,19,,,4987.5,0.0
-1,72000,TOMATOES,4981,6,4980,16,,,4995,6,4996,16,,,4988.0,0.0
-1,72100,TOMATOES,4981,10,4980,25,,,4994,10,4996,25,,,4987.5,0.0
-1,72200,TOMATOES,4981,9,4979,22,,,4994,9,4995,22,,,4987.5,0.0
-1,72300,TOMATOES,4981,7,4980,22,,,4994,7,4995,22,,,4987.5,0.0
-1,72400,TOMATOES,4981,7,4980,16,,,4995,7,4996,16,,,4988.0,0.0
-1,72500,TOMATOES,4981,8,4980,18,,,4995,8,4996,18,,,4988.0,0.0
-1,72600,TOMATOES,4982,5,4981,20,,,4996,5,4997,20,,,4989.0,0.0
-1,72700,TOMATOES,4982,6,4981,25,,,4996,6,4997,25,,,4989.0,0.0
-1,72800,TOMATOES,4982,7,4981,25,,,4996,7,4997,25,,,4989.0,0.0
-1,72900,TOMATOES,4982,8,4981,21,,,4996,8,4997,21,,,4989.0,0.0
-1,73000,TOMATOES,4982,6,4980,21,,,4995,6,4996,21,,,4988.5,0.0
-1,73100,TOMATOES,4982,5,4980,25,,,4995,5,4996,25,,,4988.5,0.0
-1,73200,TOMATOES,4982,6,4981,21,,,4996,6,4997,21,,,4989.0,0.0
-1,73300,TOMATOES,4982,10,4981,23,,,4995,10,4997,23,,,4988.5,0.0
-1,73400,TOMATOES,4982,6,4981,15,,,4995,6,4997,15,,,4988.5,0.0
-1,73500,TOMATOES,4982,7,4981,22,,,4995,7,4997,22,,,4988.5,0.0
-1,73600,TOMATOES,4982,10,4981,21,,,4995,10,4997,21,,,4988.5,0.0
-1,73700,TOMATOES,4982,7,4981,15,,,4996,7,4997,15,,,4989.0,0.0
-1,73800,TOMATOES,4982,7,4981,20,,,4996,7,4997,20,,,4989.0,0.0
-1,73900,TOMATOES,4982,7,4981,16,,,4995,7,4997,16,,,4988.5,0.0
-1,74000,TOMATOES,4981,5,4980,20,,,4995,5,4996,20,,,4988.0,0.0
-1,74100,TOMATOES,4988,6,4983,7,4981.0,23.0,4996,7,4997,23,,,4992.0,0.0
-1,74200,TOMATOES,4983,7,4981,17,,,4996,7,4997,17,,,4989.5,0.0
-1,74300,TOMATOES,4983,9,4982,21,,,4996,9,4998,21,,,4989.5,0.0
-1,74400,TOMATOES,4984,6,4983,22,,,4997,6,4998,22,,,4990.5,0.0
-1,74500,TOMATOES,4989,3,4984,8,4982.0,24.0,4997,8,4998,24,,,4993.0,0.0
-1,74600,TOMATOES,4984,10,4983,22,,,4997,10,4999,22,,,4990.5,0.0
-1,74700,TOMATOES,4983,10,4982,21,,,4997,10,4998,21,,,4990.0,0.0
-1,74800,TOMATOES,4984,8,4982,15,,,4997,8,4998,15,,,4990.5,0.0
-1,74900,TOMATOES,4983,8,4982,17,,,4997,8,4998,17,,,4990.0,0.0
-1,75000,TOMATOES,4990,11,4983,7,4982.0,15.0,4997,7,4998,15,,,4993.5,0.0
-1,75100,TOMATOES,4983,5,4982,16,,,4996,5,4998,16,,,4989.5,0.0
-1,75200,TOMATOES,4982,9,4981,19,,,4996,9,4997,19,,,4989.0,0.0
-1,75300,TOMATOES,4983,9,4982,21,,,4996,9,4998,21,,,4989.5,0.0
-1,75400,TOMATOES,4983,9,4982,16,,,4996,9,4998,16,,,4989.5,0.0
-1,75500,TOMATOES,4983,5,4982,19,,,4996,5,4997,19,,,4989.5,0.0
-1,75600,TOMATOES,4982,9,4981,18,,,4996,9,4997,18,,,4989.0,0.0
-1,75700,TOMATOES,4982,9,4981,21,,,4996,9,4997,21,,,4989.0,0.0
-1,75800,TOMATOES,4982,5,4981,23,,,4995,5,4997,23,,,4988.5,0.0
-1,75900,TOMATOES,4982,6,4981,17,,,4996,6,4997,17,,,4989.0,0.0
-1,76000,TOMATOES,4982,5,4981,19,,,4996,5,4997,19,,,4989.0,0.0
-1,76100,TOMATOES,4982,7,4981,18,,,4996,7,4997,18,,,4989.0,0.0
-1,76200,TOMATOES,4982,10,4981,23,,,4995,10,4997,23,,,4988.5,0.0
-1,76300,TOMATOES,4982,10,4981,23,,,4996,10,4997,23,,,4989.0,0.0
-1,76400,TOMATOES,4982,5,4981,21,,,4996,5,4997,21,,,4989.0,0.0
-1,76500,TOMATOES,4982,5,4981,22,,,4996,5,4997,22,,,4989.0,0.0
-1,76600,TOMATOES,4983,5,4982,19,,,4996,5,4998,19,,,4989.5,0.0
-1,76700,TOMATOES,4983,5,4982,19,,,4996,5,4998,19,,,4989.5,0.0
-1,76800,TOMATOES,4983,5,4982,25,,,4997,5,4998,25,,,4990.0,0.0
-1,76900,TOMATOES,4983,9,4982,15,,,4996,9,4998,15,,,4989.5,0.0
-1,77000,TOMATOES,4983,5,4982,16,,,4997,5,4998,16,,,4990.0,0.0
-1,77100,TOMATOES,4988,3,4983,7,4982.0,22.0,4997,7,4998,22,,,4992.5,0.0
-1,77200,TOMATOES,4990,10,4983,7,4982.0,20.0,4996,7,4998,20,,,4993.0,0.0
-1,77300,TOMATOES,4984,10,4982,18,,,4997,10,4998,18,,,4990.5,0.0
-1,77400,TOMATOES,4983,8,4982,15,,,4996,8,4997,15,,,4989.5,0.0
-1,77500,TOMATOES,4982,9,4981,20,,,4996,9,4997,20,,,4989.0,0.0
-1,77600,TOMATOES,4982,5,4981,20,,,4995,5,4997,20,,,4988.5,0.0
-1,77700,TOMATOES,4982,8,4981,21,,,4996,8,4997,21,,,4989.0,0.0
-1,77800,TOMATOES,4984,8,4982,17,,,4997,8,4998,17,,,4990.5,0.0
-1,77900,TOMATOES,4984,7,4983,19,,,4998,7,4999,19,,,4991.0,0.0
-1,78000,TOMATOES,4985,8,4983,21,,,4998,8,4999,21,,,4991.5,0.0
-1,78100,TOMATOES,4984,5,4983,21,,,4997,5,4999,21,,,4990.5,0.0
-1,78200,TOMATOES,4983,9,4982,17,,,4997,9,4998,17,,,4990.0,0.0
-1,78300,TOMATOES,4984,8,4982,23,,,4997,8,4998,23,,,4990.5,0.0
-1,78400,TOMATOES,4984,8,4983,15,,,4997,8,4999,15,,,4990.5,0.0
-1,78500,TOMATOES,4991,9,4984,9,4982.0,17.0,4997,9,4998,17,,,4994.0,0.0
-1,78600,TOMATOES,4984,9,4982,20,,,4997,9,4998,20,,,4990.5,0.0
-1,78700,TOMATOES,4984,9,4983,22,,,4997,9,4999,22,,,4990.5,0.0
-1,78800,TOMATOES,4984,10,4983,16,,,4997,10,4999,16,,,4990.5,0.0
-1,78900,TOMATOES,4984,8,4982,20,,,4997,8,4998,20,,,4990.5,0.0
-1,79000,TOMATOES,4984,6,4983,18,,,4998,6,4999,18,,,4991.0,0.0
-1,79100,TOMATOES,4984,10,4982,19,,,4997,10,4998,19,,,4990.5,0.0
-1,79200,TOMATOES,4985,8,4983,20,,,4998,8,4999,20,,,4991.5,0.0
-1,79300,TOMATOES,4985,5,4984,20,,,4998,5,5000,20,,,4991.5,0.0
-1,79400,TOMATOES,4985,7,4984,16,,,4999,7,5000,16,,,4992.0,0.0
-1,79500,TOMATOES,4985,5,4984,21,,,4999,5,5000,21,,,4992.0,0.0
-1,79600,TOMATOES,4985,5,4984,21,,,4999,5,5000,21,,,4992.0,0.0
-1,79700,TOMATOES,4985,5,4983,21,,,4998,5,4999,21,,,4991.5,0.0
-1,79800,TOMATOES,4985,10,4984,15,,,4998,10,5000,15,,,4991.5,0.0
-1,79900,TOMATOES,4985,6,4984,24,,,4999,6,5000,24,,,4992.0,0.0
-1,80000,TOMATOES,4985,7,4983,24,,,4998,7,4999,24,,,4991.5,0.0
-1,80100,TOMATOES,4985,6,4983,15,,,4998,6,4999,15,,,4991.5,0.0
-1,80200,TOMATOES,4992,12,4984,7,4983.0,18.0,4998,7,4999,18,,,4995.0,0.0
-1,80300,TOMATOES,4985,7,4984,23,,,4999,7,5000,23,,,4992.0,0.0
-1,80400,TOMATOES,4985,5,4984,15,,,4998,5,5000,15,,,4991.5,0.0
-1,80500,TOMATOES,4985,7,4984,19,,,4992,6,4999,7,5000.0,19.0,4988.5,0.0
-1,80600,TOMATOES,4985,8,4984,21,,,4998,8,4999,21,,,4991.5,0.0
-1,80700,TOMATOES,4985,5,4984,24,,,4999,5,5000,24,,,4992.0,0.0
-1,80800,TOMATOES,4985,9,4984,22,,,4990,9,4998,9,5000.0,22.0,4987.5,0.0
-1,80900,TOMATOES,4984,6,4983,22,,,4998,6,4999,22,,,4991.0,0.0
-1,81000,TOMATOES,4984,6,4983,15,,,4998,6,4999,15,,,4991.0,0.0
-1,81100,TOMATOES,4984,9,4983,22,,,4998,9,4999,22,,,4991.0,0.0
-1,81200,TOMATOES,4985,9,4983,24,,,4998,9,4999,24,,,4991.5,0.0
-1,81300,TOMATOES,4984,9,4983,17,,,4998,9,4999,17,,,4991.0,0.0
-1,81400,TOMATOES,4984,5,4982,17,,,4997,5,4998,17,,,4990.5,0.0
-1,81500,TOMATOES,4983,9,4982,24,,,4997,9,4998,24,,,4990.0,0.0
-1,81600,TOMATOES,4984,8,4983,23,,,4997,8,4998,23,,,4990.5,0.0
-1,81700,TOMATOES,4983,9,4982,25,,,4996,9,4998,25,,,4989.5,0.0
-1,81800,TOMATOES,4983,9,4981,17,,,4996,9,4997,17,,,4989.5,0.0
-1,81900,TOMATOES,4983,10,4981,21,,,4996,10,4997,21,,,4989.5,0.0
-1,82000,TOMATOES,4982,9,4981,21,,,4996,9,4997,21,,,4989.0,0.0
-1,82100,TOMATOES,4981,6,4980,16,,,4995,6,4996,16,,,4988.0,0.0
-1,82200,TOMATOES,4982,9,4981,19,,,4995,9,4997,19,,,4988.5,0.0
-1,82300,TOMATOES,4982,7,4981,19,,,4996,7,4997,19,,,4989.0,0.0
-1,82400,TOMATOES,4982,9,4981,19,,,4996,9,4997,19,,,4989.0,0.0
-1,82500,TOMATOES,4982,8,4981,22,,,4996,8,4997,22,,,4989.0,0.0
-1,82600,TOMATOES,4982,6,4980,24,,,4995,6,4996,24,,,4988.5,0.0
-1,82700,TOMATOES,4981,7,4980,20,,,4995,7,4996,20,,,4988.0,0.0
-1,82800,TOMATOES,4982,6,4980,23,,,4995,6,4996,23,,,4988.5,0.0
-1,82900,TOMATOES,4981,10,4979,23,,,4994,10,4995,23,,,4987.5,0.0
-1,83000,TOMATOES,4980,10,4979,18,,,4994,10,4995,18,,,4987.0,0.0
-1,83100,TOMATOES,4980,7,4979,18,,,4993,7,4995,18,,,4986.5,0.0
-1,83200,TOMATOES,4979,10,4978,15,,,4993,10,4994,15,,,4986.0,0.0
-1,83300,TOMATOES,4979,8,4978,25,,,4993,8,4994,25,,,4986.0,0.0
-1,83400,TOMATOES,4979,9,4978,18,,,4992,9,4994,18,,,4985.5,0.0
-1,83500,TOMATOES,4979,6,4978,18,,,4993,6,4994,18,,,4986.0,0.0
-1,83600,TOMATOES,4980,8,4979,15,,,4994,8,4995,15,,,4987.0,0.0
-1,83700,TOMATOES,4980,9,4978,21,,,4993,9,4994,21,,,4986.5,0.0
-1,83800,TOMATOES,4979,6,4978,16,,,4992,6,4994,16,,,4985.5,0.0
-1,83900,TOMATOES,4979,8,4978,24,,,4992,8,4994,24,,,4985.5,0.0
-1,84000,TOMATOES,4979,9,4978,16,,,4993,9,4994,16,,,4986.0,0.0
-1,84100,TOMATOES,4979,8,4978,17,,,4993,8,4994,17,,,4986.0,0.0
-1,84200,TOMATOES,4979,8,4978,21,,,4993,8,4994,21,,,4986.0,0.0
-1,84300,TOMATOES,4979,10,4977,24,,,4992,10,4993,24,,,4985.5,0.0
-1,84400,TOMATOES,4979,9,4978,15,,,4993,9,4994,15,,,4986.0,0.0
-1,84500,TOMATOES,4979,8,4978,21,,,4993,8,4994,21,,,4986.0,0.0
-1,84600,TOMATOES,4987,6,4979,7,4978.0,18.0,4993,7,4994,18,,,4990.0,0.0
-1,84700,TOMATOES,4979,5,4978,20,,,4993,5,4994,20,,,4986.0,0.0
-1,84800,TOMATOES,4979,7,4978,18,,,4992,7,4994,18,,,4985.5,0.0
-1,84900,TOMATOES,4979,6,4977,19,,,4992,6,4993,19,,,4985.5,0.0
-1,85000,TOMATOES,4978,10,4977,24,,,4991,10,4992,24,,,4984.5,0.0
-1,85100,TOMATOES,4977,6,4976,16,,,4991,6,4992,16,,,4984.0,0.0
-1,85200,TOMATOES,4977,6,4976,19,,,4990,6,4992,19,,,4983.5,0.0
-1,85300,TOMATOES,4977,8,4976,22,,,4991,8,4992,22,,,4984.0,0.0
-1,85400,TOMATOES,4977,6,4976,18,,,4990,6,4992,18,,,4983.5,0.0
-1,85500,TOMATOES,4977,7,4976,15,,,4990,7,4992,15,,,4983.5,0.0
-1,85600,TOMATOES,4978,6,4976,16,,,4991,6,4992,16,,,4984.5,0.0
-1,85700,TOMATOES,4977,9,4976,23,,,4991,9,4992,23,,,4984.0,0.0
-1,85800,TOMATOES,4978,7,4977,22,,,4985,6,4991,7,4992.0,22.0,4981.5,0.0
-1,85900,TOMATOES,4977,6,4976,24,,,4990,6,4992,24,,,4983.5,0.0
-1,86000,TOMATOES,4983,5,4977,7,4976.0,17.0,4991,7,4992,17,,,4987.0,0.0
-1,86100,TOMATOES,4977,7,4976,25,,,4991,7,4992,25,,,4984.0,0.0
-1,86200,TOMATOES,4977,8,4976,21,,,4991,8,4992,21,,,4984.0,0.0
-1,86300,TOMATOES,4977,7,4976,18,,,4991,7,4992,18,,,4984.0,0.0
-1,86400,TOMATOES,4977,7,4976,15,,,4991,7,4992,15,,,4984.0,0.0
-1,86500,TOMATOES,4976,5,4975,25,,,4990,5,4991,25,,,4983.0,0.0
-1,86600,TOMATOES,4977,7,4976,21,,,4990,7,4992,21,,,4983.5,0.0
-1,86700,TOMATOES,4982,2,4977,6,4975.0,25.0,4990,6,4991,25,,,4986.0,0.0
-1,86800,TOMATOES,4977,6,4975,20,,,4990,6,4991,20,,,4983.5,0.0
-1,86900,TOMATOES,4977,10,4976,22,,,4990,10,4992,22,,,4983.5,0.0
-1,87000,TOMATOES,4977,9,4976,23,,,4991,9,4992,23,,,4984.0,0.0
-1,87100,TOMATOES,4976,5,4975,16,,,4990,5,4991,16,,,4983.0,0.0
-1,87200,TOMATOES,4984,9,4977,9,4976.0,20.0,4990,9,4991,20,,,4987.0,0.0
-1,87300,TOMATOES,4978,10,4976,19,,,4991,10,4992,19,,,4984.5,0.0
-1,87400,TOMATOES,4977,10,4976,15,,,4991,10,4992,15,,,4984.0,0.0
-1,87500,TOMATOES,4978,9,4977,19,,,4991,9,4993,19,,,4984.5,0.0
-1,87600,TOMATOES,4984,5,4977,7,4976.0,19.0,4990,7,4992,19,,,4987.0,0.0
-1,87700,TOMATOES,4977,5,4976,21,,,4991,5,4992,21,,,4984.0,0.0
-1,87800,TOMATOES,4977,6,4975,25,,,4990,6,4991,25,,,4983.5,0.0
-1,87900,TOMATOES,4976,7,4975,23,,,4990,7,4991,23,,,4983.0,0.0
-1,88000,TOMATOES,4976,6,4975,23,,,4990,6,4991,23,,,4983.0,0.0
-1,88100,TOMATOES,4976,6,4975,16,,,4989,6,4990,16,,,4982.5,0.0
-1,88200,TOMATOES,4976,6,4975,19,,,4990,6,4991,19,,,4983.0,0.0
-1,88300,TOMATOES,4976,7,4975,23,,,4989,7,4991,23,,,4982.5,0.0
-1,88400,TOMATOES,4976,6,4974,22,,,4989,6,4990,22,,,4982.5,0.0
-1,88500,TOMATOES,4976,8,4975,21,,,4990,8,4991,21,,,4983.0,0.0
-1,88600,TOMATOES,4976,8,4975,16,,,4983,5,4989,8,4991.0,16.0,4979.5,0.0
-1,88700,TOMATOES,4976,9,4975,21,,,4990,9,4991,21,,,4983.0,0.0
-1,88800,TOMATOES,4976,8,4975,18,,,4989,8,4991,18,,,4982.5,0.0
-1,88900,TOMATOES,4976,9,4974,24,,,4989,9,4990,24,,,4982.5,0.0
-1,89000,TOMATOES,4976,10,4975,20,,,4989,10,4991,20,,,4982.5,0.0
-1,89100,TOMATOES,4976,7,4975,21,,,4989,7,4991,21,,,4982.5,0.0
-1,89200,TOMATOES,4975,6,4973,20,,,4988,6,4989,20,,,4981.5,0.0
-1,89300,TOMATOES,4975,7,4973,22,,,4988,7,4989,22,,,4981.5,0.0
-1,89400,TOMATOES,4975,10,4973,19,,,4988,10,4989,19,,,4981.5,0.0
-1,89500,TOMATOES,4974,5,4973,23,,,4988,5,4989,23,,,4981.0,0.0
-1,89600,TOMATOES,4975,10,4973,22,,,4988,10,4989,22,,,4981.5,0.0
-1,89700,TOMATOES,4974,6,4973,16,,,4988,6,4989,16,,,4981.0,0.0
-1,89800,TOMATOES,4974,9,4972,22,,,4987,9,4988,22,,,4980.5,0.0
-1,89900,TOMATOES,4973,7,4972,16,,,4987,7,4988,16,,,4980.0,0.0
-1,90000,TOMATOES,4973,6,4972,17,,,4987,6,4988,17,,,4980.0,0.0
-1,90100,TOMATOES,4973,10,4972,21,,,4986,10,4988,21,,,4979.5,0.0
-1,90200,TOMATOES,4974,5,4973,23,,,4987,5,4989,23,,,4980.5,0.0
-1,90300,TOMATOES,4974,5,4973,24,,,4987,5,4989,24,,,4980.5,0.0
-1,90400,TOMATOES,4974,10,4972,17,,,4987,10,4988,17,,,4980.5,0.0
-1,90500,TOMATOES,4973,8,4972,20,,,4987,8,4988,20,,,4980.0,0.0
-1,90600,TOMATOES,4973,7,4972,20,,,4987,7,4988,20,,,4980.0,0.0
-1,90700,TOMATOES,4973,6,4972,16,,,4987,6,4988,16,,,4980.0,0.0
-1,90800,TOMATOES,4973,8,4972,21,,,4987,8,4988,21,,,4980.0,0.0
-1,90900,TOMATOES,4973,9,4972,16,,,4987,9,4988,16,,,4980.0,0.0
-1,91000,TOMATOES,4974,7,4973,19,,,4979,5,4987,7,4988.0,19.0,4976.5,0.0
-1,91100,TOMATOES,4975,8,4974,20,,,4988,8,4990,20,,,4981.5,0.0
-1,91200,TOMATOES,4975,8,4974,16,,,4988,8,4990,16,,,4981.5,0.0
-1,91300,TOMATOES,4974,7,4972,24,,,4987,7,4988,24,,,4980.5,0.0
-1,91400,TOMATOES,4972,7,4971,17,,,4986,7,4987,17,,,4979.0,0.0
-1,91500,TOMATOES,4972,9,4971,16,,,4986,9,4987,16,,,4979.0,0.0
-1,91600,TOMATOES,4977,2,4972,6,4970.0,20.0,4985,6,4986,20,,,4981.0,0.0
-1,91700,TOMATOES,4973,5,4972,18,,,4986,5,4988,18,,,4979.5,0.0
-1,91800,TOMATOES,4973,8,4972,17,,,4986,8,4988,17,,,4979.5,0.0
-1,91900,TOMATOES,4979,3,4974,5,4972.0,22.0,4987,5,4988,22,,,4983.0,0.0
-1,92000,TOMATOES,4973,9,4972,15,,,4986,9,4988,15,,,4979.5,0.0
-1,92100,TOMATOES,4973,6,4972,15,,,4987,6,4988,15,,,4980.0,0.0
-1,92200,TOMATOES,4973,10,4972,25,,,4987,10,4988,25,,,4980.0,0.0
-1,92300,TOMATOES,4972,8,4971,16,,,4985,8,4987,16,,,4978.5,0.0
-1,92400,TOMATOES,4972,8,4971,22,,,4986,8,4987,22,,,4979.0,0.0
-1,92500,TOMATOES,4973,8,4971,17,,,4986,8,4987,17,,,4979.5,0.0
-1,92600,TOMATOES,4972,9,4971,15,,,4986,9,4987,15,,,4979.0,0.0
-1,92700,TOMATOES,4973,9,4971,18,,,4986,9,4987,18,,,4979.5,0.0
-1,92800,TOMATOES,4973,7,4971,22,,,4986,7,4987,22,,,4979.5,0.0
-1,92900,TOMATOES,4973,6,4971,17,,,4986,6,4987,17,,,4979.5,0.0
-1,93000,TOMATOES,4973,9,4972,15,,,4986,9,4987,15,,,4979.5,0.0
-1,93100,TOMATOES,4972,7,4971,23,,,4986,7,4987,23,,,4979.0,0.0
-1,93200,TOMATOES,4973,8,4971,20,,,4986,8,4987,20,,,4979.5,0.0
-1,93300,TOMATOES,4972,10,4971,19,,,4985,10,4987,19,,,4978.5,0.0
-1,93400,TOMATOES,4972,5,4971,20,,,4986,5,4987,20,,,4979.0,0.0
-1,93500,TOMATOES,4977,2,4972,9,4971.0,17.0,4985,9,4987,17,,,4981.0,0.0
-1,93600,TOMATOES,4971,10,4970,18,,,4984,10,4986,18,,,4977.5,0.0
-1,93700,TOMATOES,4971,6,4970,20,,,4984,6,4985,20,,,4977.5,0.0
-1,93800,TOMATOES,4971,9,4970,23,,,4984,9,4986,23,,,4977.5,0.0
-1,93900,TOMATOES,4971,8,4970,24,,,4984,8,4986,24,,,4977.5,0.0
-1,94000,TOMATOES,4978,9,4970,8,4969.0,24.0,4984,8,4985,24,,,4981.0,0.0
-1,94100,TOMATOES,4971,7,4970,16,,,4984,7,4986,16,,,4977.5,0.0
-1,94200,TOMATOES,4972,7,4971,24,,,4985,7,4987,24,,,4978.5,0.0
-1,94300,TOMATOES,4972,7,4971,21,,,4985,7,4987,21,,,4978.5,0.0
-1,94400,TOMATOES,4972,6,4970,18,,,4985,6,4986,18,,,4978.5,0.0
-1,94500,TOMATOES,4972,10,4971,18,,,4985,10,4987,18,,,4978.5,0.0
-1,94600,TOMATOES,4973,6,4972,19,,,4986,6,4988,19,,,4979.5,0.0
-1,94700,TOMATOES,4973,6,4972,21,,,4987,6,4988,21,,,4980.0,0.0
-1,94800,TOMATOES,4974,8,4973,24,,,4988,8,4989,24,,,4981.0,0.0
-1,94900,TOMATOES,4974,7,4973,22,,,4987,7,4989,22,,,4980.5,0.0
-1,95000,TOMATOES,4975,8,4974,21,,,4988,8,4990,21,,,4981.5,0.0
-1,95100,TOMATOES,4975,10,4974,25,,,4989,10,4990,25,,,4982.0,0.0
-1,95200,TOMATOES,4975,5,4974,18,,,4988,5,4990,18,,,4981.5,0.0
-1,95300,TOMATOES,4975,9,4974,16,,,4989,9,4990,16,,,4982.0,0.0
-1,95400,TOMATOES,4976,5,4975,18,,,4989,5,4990,18,,,4982.5,0.0
-1,95500,TOMATOES,4976,7,4974,22,,,4989,7,4990,22,,,4982.5,0.0
-1,95600,TOMATOES,4976,8,4975,20,,,4989,8,4991,20,,,4982.5,0.0
-1,95700,TOMATOES,4977,9,4976,24,,,4990,9,4992,24,,,4983.5,0.0
-1,95800,TOMATOES,4977,6,4975,24,,,4982,9,4990,6,4991.0,24.0,4979.5,0.0
-1,95900,TOMATOES,4977,6,4976,19,,,4991,6,4992,19,,,4984.0,0.0
-1,96000,TOMATOES,4976,9,4975,25,,,4990,9,4991,25,,,4983.0,0.0
-1,96100,TOMATOES,4976,9,4975,21,,,4990,9,4991,21,,,4983.0,0.0
-1,96200,TOMATOES,4976,6,4975,17,,,4990,6,4991,17,,,4983.0,0.0
-1,96300,TOMATOES,4977,8,4975,25,,,4990,8,4991,25,,,4983.5,0.0
-1,96400,TOMATOES,4977,6,4975,21,,,4990,6,4991,21,,,4983.5,0.0
-1,96500,TOMATOES,4977,9,4975,23,,,4990,9,4991,23,,,4983.5,0.0
-1,96600,TOMATOES,4977,6,4976,20,,,4990,6,4992,20,,,4983.5,0.0
-1,96700,TOMATOES,4977,7,4975,16,,,4990,7,4991,16,,,4983.5,0.0
-1,96800,TOMATOES,4977,5,4976,24,,,4991,5,4992,24,,,4984.0,0.0
-1,96900,TOMATOES,4978,6,4977,18,,,4991,6,4992,18,,,4984.5,0.0
-1,97000,TOMATOES,4978,10,4977,16,,,4991,10,4992,16,,,4984.5,0.0
-1,97100,TOMATOES,4978,7,4977,16,,,4991,7,4992,16,,,4984.5,0.0
-1,97200,TOMATOES,4978,6,4976,18,,,4985,3,4991,6,4992.0,18.0,4981.5,0.0
-1,97300,TOMATOES,4978,9,4976,19,,,4991,9,4992,19,,,4984.5,0.0
-1,97400,TOMATOES,4985,6,4978,6,4976.0,20.0,4991,6,4992,20,,,4988.0,0.0
-1,97500,TOMATOES,4978,5,4977,18,,,4991,5,4993,18,,,4984.5,0.0
-1,97600,TOMATOES,4978,9,4977,15,,,4991,9,4993,15,,,4984.5,0.0
-1,97700,TOMATOES,4978,7,4976,19,,,4991,7,4992,19,,,4984.5,0.0
-1,97800,TOMATOES,4978,9,4977,25,,,4991,9,4993,25,,,4984.5,0.0
-1,97900,TOMATOES,4977,6,4976,16,,,4991,6,4992,16,,,4984.0,0.0
-1,98000,TOMATOES,4977,9,4976,25,,,4990,9,4992,25,,,4983.5,0.0
-1,98100,TOMATOES,4978,10,4976,16,,,4991,10,4992,16,,,4984.5,0.0
-1,98200,TOMATOES,4977,7,4976,25,,,4990,7,4992,25,,,4983.5,0.0
-1,98300,TOMATOES,4977,9,4976,16,,,4991,9,4992,16,,,4984.0,0.0
-1,98400,TOMATOES,4977,8,4976,16,,,4991,8,4992,16,,,4984.0,0.0
-1,98500,TOMATOES,4978,10,4977,23,,,4991,10,4992,23,,,4984.5,0.0
-1,98600,TOMATOES,4978,7,4977,21,,,4992,7,4993,21,,,4985.0,0.0
-1,98700,TOMATOES,4979,8,4978,21,,,4992,8,4993,21,,,4985.5,0.0
-1,98800,TOMATOES,4980,9,4978,25,,,4993,9,4994,25,,,4986.5,0.0
-1,98900,TOMATOES,4979,10,4978,22,,,4993,10,4994,22,,,4986.0,0.0
-1,99000,TOMATOES,4979,9,4978,24,,,4993,9,4994,24,,,4986.0,0.0
-1,99100,TOMATOES,4980,6,4978,23,,,4993,6,4994,23,,,4986.5,0.0
-1,99200,TOMATOES,4980,10,4979,15,,,4993,10,4994,15,,,4986.5,0.0
-1,99300,TOMATOES,4980,9,4979,23,,,4994,9,4995,23,,,4987.0,0.0
-1,99400,TOMATOES,4980,8,4979,15,,,4986,10,4994,8,4995.0,15.0,4983.0,0.0
-1,99500,TOMATOES,4980,8,4979,15,,,4994,8,4995,15,,,4987.0,0.0
-1,99600,TOMATOES,4980,8,4979,16,,,4993,8,4995,16,,,4986.5,0.0
-1,99700,TOMATOES,4980,7,4978,15,,,4993,7,4994,15,,,4986.5,0.0
-1,99800,TOMATOES,4979,8,4978,21,,,4993,8,4994,21,,,4986.0,0.0
-1,99900,TOMATOES,4979,5,4978,25,,,4992,5,4993,25,,,4985.5,0.0
-1,100000,TOMATOES,4978,9,4977,24,,,4992,9,4993,24,,,4985.0,0.0
-1,100100,TOMATOES,4978,6,4977,23,,,4991,6,4993,23,,,4984.5,0.0
-1,100200,TOMATOES,4977,10,4976,19,,,4991,10,4992,19,,,4984.0,0.0
-1,100300,TOMATOES,4977,5,4976,23,,,4991,5,4992,23,,,4984.0,0.0
-1,100400,TOMATOES,4979,5,4977,18,,,4992,5,4993,18,,,4985.5,0.0
-1,100500,TOMATOES,4979,9,4977,16,,,4992,9,4993,16,,,4985.5,0.0
-1,100600,TOMATOES,4978,7,4977,18,,,4992,7,4993,18,,,4985.0,0.0
-1,100700,TOMATOES,4978,6,4977,15,,,4991,6,4993,15,,,4984.5,0.0
-1,100800,TOMATOES,4978,7,4977,15,,,4992,7,4993,15,,,4985.0,0.0
-1,100900,TOMATOES,4978,8,4977,18,,,4992,8,4993,18,,,4985.0,0.0
-1,101000,TOMATOES,4979,8,4978,21,,,4993,8,4994,21,,,4986.0,0.0
-1,101100,TOMATOES,4980,9,4979,24,,,4993,9,4995,24,,,4986.5,0.0
-1,101200,TOMATOES,4980,8,4978,15,,,4993,8,4994,15,,,4986.5,0.0
-1,101300,TOMATOES,4980,10,4979,19,,,4994,10,4995,19,,,4987.0,0.0
-1,101400,TOMATOES,4980,10,4979,17,,,4994,10,4995,17,,,4987.0,0.0
-1,101500,TOMATOES,4985,6,4980,5,4979.0,25.0,4994,5,4995,25,,,4989.5,0.0
-1,101600,TOMATOES,4981,8,4980,23,,,4995,8,4996,23,,,4988.0,0.0
-1,101700,TOMATOES,4981,5,4980,25,,,4995,5,4996,25,,,4988.0,0.0
-1,101800,TOMATOES,4981,9,4980,25,,,4995,9,4996,25,,,4988.0,0.0
-1,101900,TOMATOES,4981,5,4980,22,,,4995,5,4996,22,,,4988.0,0.0
-1,102000,TOMATOES,4981,6,4980,21,,,4994,6,4995,21,,,4987.5,0.0
-1,102100,TOMATOES,4981,10,4980,21,,,4994,10,4996,21,,,4987.5,0.0
-1,102200,TOMATOES,4981,5,4980,25,,,4995,5,4996,25,,,4988.0,0.0
-1,102300,TOMATOES,4986,4,4980,6,4979.0,21.0,4994,6,4995,21,,,4990.0,0.0
-1,102400,TOMATOES,4980,9,4979,15,,,4994,9,4995,15,,,4987.0,0.0
-1,102500,TOMATOES,4980,7,4979,18,,,4994,7,4995,18,,,4987.0,0.0
-1,102600,TOMATOES,4986,2,4981,7,4979.0,16.0,4994,7,4995,16,,,4990.0,0.0
-1,102700,TOMATOES,4980,9,4979,23,,,4993,9,4995,23,,,4986.5,0.0
-1,102800,TOMATOES,4981,7,4979,22,,,4994,7,4995,22,,,4987.5,0.0
-1,102900,TOMATOES,4981,6,4980,18,,,4995,6,4996,18,,,4988.0,0.0
-1,103000,TOMATOES,4982,8,4980,20,,,4995,8,4996,20,,,4988.5,0.0
-1,103100,TOMATOES,4982,10,4981,20,,,4996,10,4997,20,,,4989.0,0.0
-1,103200,TOMATOES,4983,9,4981,17,,,4996,9,4997,17,,,4989.5,0.0
-1,103300,TOMATOES,4983,5,4981,20,,,4996,5,4997,20,,,4989.5,0.0
-1,103400,TOMATOES,4982,6,4981,25,,,4990,5,4996,6,4997.0,25.0,4986.0,0.0
-1,103500,TOMATOES,4982,10,4981,20,,,4996,10,4997,20,,,4989.0,0.0
-1,103600,TOMATOES,4982,10,4981,16,,,4996,10,4997,16,,,4989.0,0.0
-1,103700,TOMATOES,4982,6,4981,22,,,4996,6,4997,22,,,4989.0,0.0
-1,103800,TOMATOES,4981,5,4980,15,,,4995,5,4996,15,,,4988.0,0.0
-1,103900,TOMATOES,4982,7,4980,22,,,4995,7,4996,22,,,4988.5,0.0
-1,104000,TOMATOES,4981,7,4980,23,,,4995,7,4996,23,,,4988.0,0.0
-1,104100,TOMATOES,4982,8,4980,24,,,4995,8,4996,24,,,4988.5,0.0
-1,104200,TOMATOES,4982,6,4980,25,,,4995,6,4996,25,,,4988.5,0.0
-1,104300,TOMATOES,4982,9,4981,17,,,4995,9,4997,17,,,4988.5,0.0
-1,104400,TOMATOES,4982,6,4980,17,,,4995,6,4996,17,,,4988.5,0.0
-1,104500,TOMATOES,4982,9,4980,23,,,4995,9,4996,23,,,4988.5,0.0
-1,104600,TOMATOES,4982,6,4980,21,,,4995,6,4996,21,,,4988.5,0.0
-1,104700,TOMATOES,4981,5,4980,18,,,4995,5,4996,18,,,4988.0,0.0
-1,104800,TOMATOES,4982,6,4981,16,,,4995,6,4997,16,,,4988.5,0.0
-1,104900,TOMATOES,4983,5,4981,22,,,4996,5,4997,22,,,4989.5,0.0
-1,105000,TOMATOES,4982,9,4981,20,,,4996,9,4997,20,,,4989.0,0.0
-1,105100,TOMATOES,4982,8,4981,23,,,4995,8,4997,23,,,4988.5,0.0
-1,105200,TOMATOES,4982,6,4981,15,,,4995,6,4996,15,,,4988.5,0.0
-1,105300,TOMATOES,4981,8,4980,15,,,4995,8,4996,15,,,4988.0,0.0
-1,105400,TOMATOES,4988,11,4981,9,4979.0,22.0,4994,9,4995,22,,,4991.0,0.0
-1,105500,TOMATOES,4981,5,4980,25,,,4995,5,4996,25,,,4988.0,0.0
-1,105600,TOMATOES,4981,9,4980,24,,,4994,9,4996,24,,,4987.5,0.0
-1,105700,TOMATOES,4980,7,4979,22,,,4994,7,4995,22,,,4987.0,0.0
-1,105800,TOMATOES,4980,6,4979,21,,,4994,6,4995,21,,,4987.0,0.0
-1,105900,TOMATOES,4980,5,4978,17,,,4993,5,4994,17,,,4986.5,0.0
-1,106000,TOMATOES,4979,9,4978,21,,,4993,9,4994,21,,,4986.0,0.0
-1,106100,TOMATOES,4980,6,4978,21,,,4985,12,4993,6,4994.0,21.0,4982.5,0.0
-1,106200,TOMATOES,4980,7,4979,22,,,4994,7,4995,22,,,4987.0,0.0
-1,106300,TOMATOES,4980,6,4979,18,,,4987,4,4993,6,4995.0,18.0,4983.5,0.0
-1,106400,TOMATOES,4979,7,4978,24,,,4986,6,4993,7,4994.0,24.0,4982.5,0.0
-1,106500,TOMATOES,4979,7,4977,20,,,4992,7,4993,20,,,4985.5,0.0
-1,106600,TOMATOES,4979,10,4978,16,,,4993,10,4994,16,,,4986.0,0.0
-1,106700,TOMATOES,4980,5,4978,19,,,4993,5,4994,19,,,4986.5,0.0
-1,106800,TOMATOES,4980,6,4978,25,,,4993,6,4994,25,,,4986.5,0.0
-1,106900,TOMATOES,4979,7,4977,21,,,4992,7,4993,21,,,4985.5,0.0
-1,107000,TOMATOES,4979,10,4977,21,,,4992,10,4993,21,,,4985.5,0.0
-1,107100,TOMATOES,4980,6,4979,17,,,4993,6,4995,17,,,4986.5,0.0
-1,107200,TOMATOES,4980,5,4978,25,,,4993,5,4994,25,,,4986.5,0.0
-1,107300,TOMATOES,4979,6,4978,16,,,4992,6,4994,16,,,4985.5,0.0
-1,107400,TOMATOES,4979,9,4978,25,,,4992,9,4993,25,,,4985.5,0.0
-1,107500,TOMATOES,4979,8,4978,22,,,4993,8,4994,22,,,4986.0,0.0
-1,107600,TOMATOES,4979,6,4977,23,,,4992,6,4993,23,,,4985.5,0.0
-1,107700,TOMATOES,4979,7,4978,25,,,4992,7,4994,25,,,4985.5,0.0
-1,107800,TOMATOES,4979,9,4977,17,,,4992,9,4993,17,,,4985.5,0.0
-1,107900,TOMATOES,4979,6,4978,25,,,4992,6,4994,25,,,4985.5,0.0
-1,108000,TOMATOES,4979,6,4978,17,,,4993,6,4994,17,,,4986.0,0.0
-1,108100,TOMATOES,4980,8,4978,24,,,4993,8,4994,24,,,4986.5,0.0
-1,108200,TOMATOES,4980,9,4978,21,,,4993,9,4994,21,,,4986.5,0.0
-1,108300,TOMATOES,4980,8,4979,15,,,4994,8,4995,15,,,4987.0,0.0
-1,108400,TOMATOES,4980,7,4979,21,,,4994,7,4995,21,,,4987.0,0.0
-1,108500,TOMATOES,4981,6,4980,23,,,4995,6,4996,23,,,4988.0,0.0
-1,108600,TOMATOES,4981,8,4980,25,,,4995,8,4996,25,,,4988.0,0.0
-1,108700,TOMATOES,4982,10,4981,18,,,4995,10,4997,18,,,4988.5,0.0
-1,108800,TOMATOES,4981,6,4979,21,,,4994,6,4995,21,,,4987.5,0.0
-1,108900,TOMATOES,4981,6,4980,23,,,4994,6,4996,23,,,4987.5,0.0
-1,109000,TOMATOES,4982,9,4980,23,,,4995,9,4996,23,,,4988.5,0.0
-1,109100,TOMATOES,4981,8,4980,19,,,4995,8,4996,19,,,4988.0,0.0
-1,109200,TOMATOES,4981,9,4980,22,,,4995,9,4996,22,,,4988.0,0.0
-1,109300,TOMATOES,4982,9,4981,16,,,4995,9,4997,16,,,4988.5,0.0
-1,109400,TOMATOES,4983,5,4982,24,,,4996,5,4998,24,,,4989.5,0.0
-1,109500,TOMATOES,4983,5,4982,24,,,4997,5,4998,24,,,4990.0,0.0
-1,109600,TOMATOES,4983,8,4982,21,,,4997,8,4998,21,,,4990.0,0.0
-1,109700,TOMATOES,4983,8,4982,22,,,4997,8,4998,22,,,4990.0,0.0
-1,109800,TOMATOES,4984,6,4983,25,,,4998,6,4999,25,,,4991.0,0.0
-1,109900,TOMATOES,4985,7,4984,19,,,4999,7,5000,19,,,4992.0,0.0
-1,110000,TOMATOES,4986,8,4985,20,,,5000,8,5001,20,,,4993.0,0.0
-1,110100,TOMATOES,4986,9,4985,17,,,4999,9,5001,17,,,4992.5,0.0
-1,110200,TOMATOES,4986,9,4984,23,,,4999,9,5000,23,,,4992.5,0.0
-1,110300,TOMATOES,4986,8,4984,23,,,4999,8,5000,23,,,4992.5,0.0
-1,110400,TOMATOES,4986,7,4985,18,,,5000,7,5001,18,,,4993.0,0.0
-1,110500,TOMATOES,4987,10,4985,23,,,5000,10,5001,23,,,4993.5,0.0
-1,110600,TOMATOES,4987,7,4985,20,,,5000,7,5001,20,,,4993.5,0.0
-1,110700,TOMATOES,4986,10,4985,18,,,5000,10,5001,18,,,4993.0,0.0
-1,110800,TOMATOES,4986,7,4985,18,,,5000,7,5001,18,,,4993.0,0.0
-1,110900,TOMATOES,4986,10,4985,22,,,5000,10,5001,22,,,4993.0,0.0
-1,111000,TOMATOES,4986,6,4984,18,,,4999,6,5000,18,,,4992.5,0.0
-1,111100,TOMATOES,4985,7,4984,19,,,4999,7,5000,19,,,4992.0,0.0
-1,111200,TOMATOES,4987,6,4985,23,,,5000,6,5001,23,,,4993.5,0.0
-1,111300,TOMATOES,4987,9,4986,16,,,5000,9,5002,16,,,4993.5,0.0
-1,111400,TOMATOES,4986,8,4985,17,,,4999,8,5001,17,,,4992.5,0.0
-1,111500,TOMATOES,4986,6,4985,17,,,5000,6,5001,17,,,4993.0,0.0
-1,111600,TOMATOES,4986,6,4985,18,,,5000,6,5001,18,,,4993.0,0.0
-1,111700,TOMATOES,4987,8,4986,23,,,5000,8,5002,23,,,4993.5,0.0
-1,111800,TOMATOES,4986,9,4985,21,,,4999,9,5001,21,,,4992.5,0.0
-1,111900,TOMATOES,4986,8,4985,22,,,5000,8,5001,22,,,4993.0,0.0
-1,112000,TOMATOES,4986,6,4985,20,,,4999,6,5001,20,,,4992.5,0.0
-1,112100,TOMATOES,4986,6,4985,23,,,4999,6,5001,23,,,4992.5,0.0
-1,112200,TOMATOES,4986,5,4985,16,,,5000,5,5001,16,,,4993.0,0.0
-1,112300,TOMATOES,4987,8,4986,16,,,5000,8,5002,16,,,4993.5,0.0
-1,112400,TOMATOES,4985,5,4984,22,,,4999,5,5000,22,,,4992.0,0.0
-1,112500,TOMATOES,4986,7,4985,20,,,4999,7,5001,20,,,4992.5,0.0
-1,112600,TOMATOES,4986,5,4985,25,,,4999,5,5001,25,,,4992.5,0.0
-1,112700,TOMATOES,4986,5,4985,18,,,4999,5,5001,18,,,4992.5,0.0
-1,112800,TOMATOES,4986,9,4985,21,,,4999,9,5001,21,,,4992.5,0.0
-1,112900,TOMATOES,4987,5,4985,25,,,5000,5,5001,25,,,4993.5,0.0
-1,113000,TOMATOES,4993,8,4986,9,4985.0,23.0,4999,9,5001,23,,,4996.0,0.0
-1,113100,TOMATOES,4986,7,4984,18,,,4999,7,5000,18,,,4992.5,0.0
-1,113200,TOMATOES,4987,7,4985,23,,,5000,7,5001,23,,,4993.5,0.0
-1,113300,TOMATOES,4987,10,4986,21,,,5001,10,5002,21,,,4994.0,0.0
-1,113400,TOMATOES,4987,6,4986,18,,,5001,6,5002,18,,,4994.0,0.0
-1,113500,TOMATOES,4987,7,4986,17,,,5001,7,5002,17,,,4994.0,0.0
-1,113600,TOMATOES,4987,6,4986,17,,,5001,6,5002,17,,,4994.0,0.0
-1,113700,TOMATOES,4987,8,4985,18,,,5000,8,5001,18,,,4993.5,0.0
-1,113800,TOMATOES,4986,7,4985,23,,,5000,7,5001,23,,,4993.0,0.0
-1,113900,TOMATOES,4987,7,4986,16,,,5001,7,5002,16,,,4994.0,0.0
-1,114000,TOMATOES,4988,10,4987,23,,,5001,10,5003,23,,,4994.5,0.0
-1,114100,TOMATOES,4988,6,4987,15,,,5002,6,5003,15,,,4995.0,0.0
-1,114200,TOMATOES,4987,8,4985,19,,,5000,8,5001,19,,,4993.5,0.0
-1,114300,TOMATOES,4986,5,4985,23,,,5000,5,5001,23,,,4993.0,0.0
-1,114400,TOMATOES,4986,10,4985,22,,,4999,10,5001,22,,,4992.5,0.0
-1,114500,TOMATOES,4986,8,4985,19,,,4999,8,5001,19,,,4992.5,0.0
-1,114600,TOMATOES,4985,10,4984,18,,,4999,10,5000,18,,,4992.0,0.0
-1,114700,TOMATOES,4986,7,4985,16,,,4999,7,5000,16,,,4992.5,0.0
-1,114800,TOMATOES,4986,6,4985,21,,,5000,6,5001,21,,,4993.0,0.0
-1,114900,TOMATOES,4986,5,4985,20,,,4999,5,5001,20,,,4992.5,0.0
-1,115000,TOMATOES,4986,10,4985,18,,,4999,10,5001,18,,,4992.5,0.0
-1,115100,TOMATOES,4986,10,4985,20,,,5000,10,5001,20,,,4993.0,0.0
-1,115200,TOMATOES,4987,6,4986,19,,,5001,6,5002,19,,,4994.0,0.0
-1,115300,TOMATOES,4987,7,4985,18,,,5000,7,5001,18,,,4993.5,0.0
-1,115400,TOMATOES,4987,8,4985,15,,,5000,8,5001,15,,,4993.5,0.0
-1,115500,TOMATOES,4987,10,4985,22,,,5000,10,5001,22,,,4993.5,0.0
-1,115600,TOMATOES,4987,9,4986,16,,,5001,9,5002,16,,,4994.0,0.0
-1,115700,TOMATOES,4987,5,4986,22,,,5001,5,5002,22,,,4994.0,0.0
-1,115800,TOMATOES,4987,10,4986,18,,,5000,10,5002,18,,,4993.5,0.0
-1,115900,TOMATOES,4987,9,4986,15,,,5000,9,5002,15,,,4993.5,0.0
-1,116000,TOMATOES,4987,9,4986,20,,,5000,9,5002,20,,,4993.5,0.0
-1,116100,TOMATOES,4987,5,4986,21,,,5001,5,5002,21,,,4994.0,0.0
-1,116200,TOMATOES,4988,5,4987,24,,,5002,5,5003,24,,,4995.0,0.0
-1,116300,TOMATOES,4988,6,4987,15,,,5001,6,5003,15,,,4994.5,0.0
-1,116400,TOMATOES,4988,9,4987,17,,,5001,9,5003,17,,,4994.5,0.0
-1,116500,TOMATOES,4988,8,4987,17,,,5001,8,5002,17,,,4994.5,0.0
-1,116600,TOMATOES,4989,6,4988,18,,,5002,6,5004,18,,,4995.5,0.0
-1,116700,TOMATOES,4989,10,4988,25,,,5002,10,5004,25,,,4995.5,0.0
-1,116800,TOMATOES,4989,10,4988,18,,,5002,10,5004,18,,,4995.5,0.0
-1,116900,TOMATOES,4989,7,4988,19,,,5002,7,5004,19,,,4995.5,0.0
-1,117000,TOMATOES,4989,7,4988,22,,,5003,7,5004,22,,,4996.0,0.0
-1,117100,TOMATOES,4990,6,4988,22,,,5003,6,5004,22,,,4996.5,0.0
-1,117200,TOMATOES,4990,5,4989,19,,,5004,5,5005,19,,,4997.0,0.0
-1,117300,TOMATOES,4991,9,4990,16,,,5005,9,5006,16,,,4998.0,0.0
-1,117400,TOMATOES,4992,9,4990,19,,,5005,9,5006,19,,,4998.5,0.0
-1,117500,TOMATOES,4991,7,4990,21,,,5005,7,5006,21,,,4998.0,0.0
-1,117600,TOMATOES,4998,8,4990,8,4989.0,18.0,5004,8,5005,18,,,5001.0,0.0
-1,117700,TOMATOES,4991,5,4990,20,,,5005,5,5006,20,,,4998.0,0.0
-1,117800,TOMATOES,4991,9,4990,18,,,5005,9,5006,18,,,4998.0,0.0
-1,117900,TOMATOES,4991,6,4990,24,,,5005,6,5006,24,,,4998.0,0.0
-1,118000,TOMATOES,4991,7,4990,25,,,5004,7,5006,25,,,4997.5,0.0
-1,118100,TOMATOES,4991,10,4990,21,,,5005,10,5006,21,,,4998.0,0.0
-1,118200,TOMATOES,4991,7,4989,19,,,5004,7,5005,19,,,4997.5,0.0
-1,118300,TOMATOES,4990,9,4989,22,,,5004,9,5005,22,,,4997.0,0.0
-1,118400,TOMATOES,4990,6,4988,18,,,5003,6,5004,18,,,4996.5,0.0
-1,118500,TOMATOES,4989,6,4988,18,,,5002,6,5004,18,,,4995.5,0.0
-1,118600,TOMATOES,4996,10,4989,6,4988.0,23.0,5002,6,5004,23,,,4999.0,0.0
-1,118700,TOMATOES,4989,10,4988,18,,,5003,10,5004,18,,,4996.0,0.0
-1,118800,TOMATOES,4990,9,4988,17,,,5003,9,5004,17,,,4996.5,0.0
-1,118900,TOMATOES,4991,10,4990,19,,,5004,10,5006,19,,,4997.5,0.0
-1,119000,TOMATOES,4991,5,4990,15,,,5004,5,5006,15,,,4997.5,0.0
-1,119100,TOMATOES,4991,9,4989,17,,,5004,9,5005,17,,,4997.5,0.0
-1,119200,TOMATOES,4990,7,4989,20,,,5004,7,5005,20,,,4997.0,0.0
-1,119300,TOMATOES,4990,6,4989,21,,,5003,6,5005,21,,,4996.5,0.0
-1,119400,TOMATOES,4990,8,4989,21,,,5003,8,5005,21,,,4996.5,0.0
-1,119500,TOMATOES,4989,10,4988,15,,,5003,10,5004,15,,,4996.0,0.0
-1,119600,TOMATOES,4990,5,4989,20,,,5003,5,5005,20,,,4996.5,0.0
-1,119700,TOMATOES,4990,8,4988,19,,,5003,8,5004,19,,,4996.5,0.0
-1,119800,TOMATOES,4996,4,4990,6,4989.0,17.0,5004,6,5005,17,,,5000.0,0.0
-1,119900,TOMATOES,4991,7,4990,23,,,5004,7,5006,23,,,4997.5,0.0
-1,120000,TOMATOES,4991,10,4990,17,,,5004,10,5006,17,,,4997.5,0.0
-1,120100,TOMATOES,4991,7,4989,18,,,5004,7,5005,18,,,4997.5,0.0
-1,120200,TOMATOES,4991,5,4990,21,,,5004,5,5006,21,,,4997.5,0.0
-1,120300,TOMATOES,4991,9,4990,20,,,5005,9,5006,20,,,4998.0,0.0
-1,120400,TOMATOES,4991,7,4989,23,,,5004,7,5005,23,,,4997.5,0.0
-1,120500,TOMATOES,4990,6,4989,22,,,5004,6,5005,22,,,4997.0,0.0
-1,120600,TOMATOES,4990,5,4989,22,,,5003,5,5005,22,,,4996.5,0.0
-1,120700,TOMATOES,4990,8,4988,21,,,5003,8,5004,21,,,4996.5,0.0
-1,120800,TOMATOES,4990,9,4989,21,,,5003,9,5005,21,,,4996.5,0.0
-1,120900,TOMATOES,4990,8,4989,16,,,5003,8,5005,16,,,4996.5,0.0
-1,121000,TOMATOES,4990,6,4988,16,,,5003,6,5004,16,,,4996.5,0.0
-1,121100,TOMATOES,4990,7,4989,17,,,5004,7,5005,17,,,4997.0,0.0
-1,121200,TOMATOES,4990,6,4989,20,,,5004,6,5005,20,,,4997.0,0.0
-1,121300,TOMATOES,4991,9,4989,17,,,5004,9,5005,17,,,4997.5,0.0
-1,121400,TOMATOES,4991,9,4990,21,,,5004,9,5006,21,,,4997.5,0.0
-1,121500,TOMATOES,4990,7,4989,24,,,5004,7,5005,24,,,4997.0,0.0
-1,121600,TOMATOES,4990,10,4989,17,,,5004,10,5005,17,,,4997.0,0.0
-1,121700,TOMATOES,4990,9,4989,22,,,5004,9,5005,22,,,4997.0,0.0
-1,121800,TOMATOES,4990,6,4989,17,,,5004,6,5005,17,,,4997.0,0.0
-1,121900,TOMATOES,4990,5,4989,23,,,5003,5,5005,23,,,4996.5,0.0
-1,122000,TOMATOES,4990,6,4989,20,,,5004,6,5005,20,,,4997.0,0.0
-1,122100,TOMATOES,4990,10,4989,18,,,5004,10,5005,18,,,4997.0,0.0
-1,122200,TOMATOES,4990,7,4989,25,,,5004,7,5005,25,,,4997.0,0.0
-1,122300,TOMATOES,4990,5,4989,22,,,5003,5,5005,22,,,4996.5,0.0
-1,122400,TOMATOES,4990,5,4988,15,,,5003,5,5004,15,,,4996.5,0.0
-1,122500,TOMATOES,4989,6,4988,17,,,4995,8,5003,6,5004.0,17.0,4992.0,0.0
-1,122600,TOMATOES,4989,7,4987,25,,,5002,7,5003,25,,,4995.5,0.0
-1,122700,TOMATOES,4989,7,4988,23,,,5002,7,5004,23,,,4995.5,0.0
-1,122800,TOMATOES,4989,8,4988,17,,,5002,8,5004,17,,,4995.5,0.0
-1,122900,TOMATOES,4989,6,4988,18,,,5002,6,5004,18,,,4995.5,0.0
-1,123000,TOMATOES,4989,9,4988,22,,,5003,9,5004,22,,,4996.0,0.0
-1,123100,TOMATOES,4989,8,4988,22,,,5003,8,5004,22,,,4996.0,0.0
-1,123200,TOMATOES,4989,7,4987,25,,,5002,7,5003,25,,,4995.5,0.0
-1,123300,TOMATOES,4988,10,4987,24,,,5001,10,5003,24,,,4994.5,0.0
-1,123400,TOMATOES,4988,5,4987,22,,,5001,5,5003,22,,,4994.5,0.0
-1,123500,TOMATOES,4987,9,4986,21,,,5001,9,5002,21,,,4994.0,0.0
-1,123600,TOMATOES,4987,5,4986,16,,,5001,5,5002,16,,,4994.0,0.0
-1,123700,TOMATOES,4987,9,4985,17,,,5000,9,5001,17,,,4993.5,0.0
-1,123800,TOMATOES,4987,9,4986,22,,,5000,9,5002,22,,,4993.5,0.0
-1,123900,TOMATOES,4987,9,4986,17,,,5001,9,5002,17,,,4994.0,0.0
-1,124000,TOMATOES,4987,7,4986,20,,,5000,7,5002,20,,,4993.5,0.0
-1,124100,TOMATOES,4988,7,4986,16,,,5001,7,5002,16,,,4994.5,0.0
-1,124200,TOMATOES,4986,7,4985,15,,,5000,7,5001,15,,,4993.0,0.0
-1,124300,TOMATOES,4986,6,4985,23,,,5000,6,5001,23,,,4993.0,0.0
-1,124400,TOMATOES,4986,9,4985,22,,,5000,9,5001,22,,,4993.0,0.0
-1,124500,TOMATOES,4987,7,4985,22,,,5000,7,5001,22,,,4993.5,0.0
-1,124600,TOMATOES,4987,9,4986,22,,,5001,9,5002,22,,,4994.0,0.0
-1,124700,TOMATOES,4988,9,4987,25,,,5002,9,5003,25,,,4995.0,0.0
-1,124800,TOMATOES,4989,8,4987,24,,,5002,8,5003,24,,,4995.5,0.0
-1,124900,TOMATOES,4988,9,4987,25,,,5002,9,5003,25,,,4995.0,0.0
-1,125000,TOMATOES,4988,7,4987,21,,,5001,7,5003,21,,,4994.5,0.0
-1,125100,TOMATOES,4987,5,4986,22,,,5001,5,5002,22,,,4994.0,0.0
-1,125200,TOMATOES,4987,10,4986,16,,,5001,10,5002,16,,,4994.0,0.0
-1,125300,TOMATOES,4986,5,4985,20,,,5000,5,5001,20,,,4993.0,0.0
-1,125400,TOMATOES,4986,10,4985,15,,,5000,10,5001,15,,,4993.0,0.0
-1,125500,TOMATOES,4986,8,4985,24,,,5000,8,5001,24,,,4993.0,0.0
-1,125600,TOMATOES,4986,8,4985,19,,,5000,8,5001,19,,,4993.0,0.0
-1,125700,TOMATOES,4987,9,4986,24,,,5000,9,5001,24,,,4993.5,0.0
-1,125800,TOMATOES,4986,5,4985,22,,,5000,5,5001,22,,,4993.0,0.0
-1,125900,TOMATOES,4986,9,4985,20,,,4993,6,4999,9,5000.0,20.0,4989.5,0.0
-1,126000,TOMATOES,4986,9,4985,21,,,4999,9,5001,21,,,4992.5,0.0
-1,126100,TOMATOES,4986,5,4985,24,,,5000,5,5001,24,,,4993.0,0.0
-1,126200,TOMATOES,4986,8,4985,24,,,5000,8,5001,24,,,4993.0,0.0
-1,126300,TOMATOES,4986,8,4985,23,,,5000,8,5001,23,,,4993.0,0.0
-1,126400,TOMATOES,4987,9,4986,20,,,5001,9,5002,20,,,4994.0,0.0
-1,126500,TOMATOES,4988,5,4987,16,,,5001,5,5003,16,,,4994.5,0.0
-1,126600,TOMATOES,4987,6,4986,21,,,5001,6,5002,21,,,4994.0,0.0
-1,126700,TOMATOES,4987,10,4986,19,,,5001,10,5002,19,,,4994.0,0.0
-1,126800,TOMATOES,4987,5,4986,16,,,5001,5,5002,16,,,4994.0,0.0
-1,126900,TOMATOES,4988,9,4986,19,,,5001,9,5002,19,,,4994.5,0.0
-1,127000,TOMATOES,4987,7,4986,17,,,5001,7,5002,17,,,4994.0,0.0
-1,127100,TOMATOES,4987,10,4986,15,,,5000,10,5002,15,,,4993.5,0.0
-1,127200,TOMATOES,4986,8,4985,19,,,5000,8,5001,19,,,4993.0,0.0
-1,127300,TOMATOES,4986,7,4985,17,,,5000,7,5001,17,,,4993.0,0.0
-1,127400,TOMATOES,4986,10,4984,21,,,4999,10,5000,21,,,4992.5,0.0
-1,127500,TOMATOES,4987,7,4985,21,,,5000,7,5001,21,,,4993.5,0.0
-1,127600,TOMATOES,4993,5,4986,8,4985.0,23.0,4999,8,5001,23,,,4996.0,0.0
-1,127700,TOMATOES,4986,10,4985,18,,,5000,10,5001,18,,,4993.0,0.0
-1,127800,TOMATOES,4986,6,4985,15,,,5000,6,5001,15,,,4993.0,0.0
-1,127900,TOMATOES,4986,7,4985,25,,,5000,7,5001,25,,,4993.0,0.0
-1,128000,TOMATOES,4986,10,4985,15,,,5000,10,5001,15,,,4993.0,0.0
-1,128100,TOMATOES,4987,9,4986,18,,,5000,9,5002,18,,,4993.5,0.0
-1,128200,TOMATOES,4987,10,4986,15,,,5000,10,5002,15,,,4993.5,0.0
-1,128300,TOMATOES,4987,9,4986,23,,,5000,9,5002,23,,,4993.5,0.0
-1,128400,TOMATOES,4987,8,4986,17,,,5001,8,5002,17,,,4994.0,0.0
-1,128500,TOMATOES,4987,7,4986,17,,,5001,7,5002,17,,,4994.0,0.0
-1,128600,TOMATOES,4987,10,4986,18,,,5001,10,5002,18,,,4994.0,0.0
-1,128700,TOMATOES,4988,5,4987,17,,,5001,5,5002,17,,,4994.5,0.0
-1,128800,TOMATOES,4988,10,4986,23,,,5001,10,5002,23,,,4994.5,0.0
-1,128900,TOMATOES,4987,8,4986,18,,,5001,8,5002,18,,,4994.0,0.0
-1,129000,TOMATOES,4987,9,4986,15,,,5001,9,5002,15,,,4994.0,0.0
-1,129100,TOMATOES,4988,7,4987,22,,,5002,7,5003,22,,,4995.0,0.0
-1,129200,TOMATOES,4988,5,4987,19,,,5001,5,5002,19,,,4994.5,0.0
-1,129300,TOMATOES,4987,10,4986,25,,,5001,10,5002,25,,,4994.0,0.0
-1,129400,TOMATOES,4994,11,4986,9,4985.0,23.0,5000,9,5001,23,,,4997.0,0.0
-1,129500,TOMATOES,4986,10,4985,25,,,5000,10,5001,25,,,4993.0,0.0
-1,129600,TOMATOES,4987,10,4985,15,,,5000,10,5001,15,,,4993.5,0.0
-1,129700,TOMATOES,4987,7,4986,21,,,4994,3,5001,7,5002.0,21.0,4990.5,0.0
-1,129800,TOMATOES,4988,9,4987,15,,,5001,9,5003,15,,,4994.5,0.0
-1,129900,TOMATOES,4987,5,4986,15,,,5001,5,5002,15,,,4994.0,0.0
-1,130000,TOMATOES,4987,6,4986,17,,,5001,6,5002,17,,,4994.0,0.0
-1,130100,TOMATOES,4986,5,4985,23,,,5000,5,5001,23,,,4993.0,0.0
-1,130200,TOMATOES,4986,5,4985,19,,,5000,5,5001,19,,,4993.0,0.0
-1,130300,TOMATOES,4986,6,4984,23,,,4999,6,5000,23,,,4992.5,0.0
-1,130400,TOMATOES,4985,10,4983,18,,,4998,10,4999,18,,,4991.5,0.0
-1,130500,TOMATOES,4985,7,4984,16,,,4999,7,5000,16,,,4992.0,0.0
-1,130600,TOMATOES,4985,6,4983,15,,,4998,6,4999,15,,,4991.5,0.0
-1,130700,TOMATOES,4985,6,4984,21,,,4998,6,5000,21,,,4991.5,0.0
-1,130800,TOMATOES,4985,8,4983,17,,,4998,8,4999,17,,,4991.5,0.0
-1,130900,TOMATOES,4985,7,4984,19,,,4998,7,4999,19,,,4991.5,0.0
-1,131000,TOMATOES,4985,9,4984,17,,,4998,9,5000,17,,,4991.5,0.0
-1,131100,TOMATOES,4985,8,4983,20,,,4998,8,4999,20,,,4991.5,0.0
-1,131200,TOMATOES,4984,10,4983,19,,,4998,10,4999,19,,,4991.0,0.0
-1,131300,TOMATOES,4985,9,4983,18,,,4998,9,4999,18,,,4991.5,0.0
-1,131400,TOMATOES,4985,10,4984,20,,,4998,10,5000,20,,,4991.5,0.0
-1,131500,TOMATOES,4986,7,4984,20,,,4999,7,5000,20,,,4992.5,0.0
-1,131600,TOMATOES,4987,9,4985,21,,,5000,9,5001,21,,,4993.5,0.0
-1,131700,TOMATOES,4986,8,4984,24,,,4999,8,5000,24,,,4992.5,0.0
-1,131800,TOMATOES,4986,8,4985,16,,,5000,8,5001,16,,,4993.0,0.0
-1,131900,TOMATOES,4986,5,4985,21,,,4999,5,5001,21,,,4992.5,0.0
-1,132000,TOMATOES,4986,5,4985,15,,,4999,5,5001,15,,,4992.5,0.0
-1,132100,TOMATOES,4986,10,4985,19,,,5000,10,5001,19,,,4993.0,0.0
-1,132200,TOMATOES,4987,9,4985,18,,,5000,9,5001,18,,,4993.5,0.0
-1,132300,TOMATOES,4987,10,4986,16,,,5000,10,5002,16,,,4993.5,0.0
-1,132400,TOMATOES,4988,10,4986,20,,,5001,10,5002,20,,,4994.5,0.0
-1,132500,TOMATOES,4987,5,4986,16,,,5001,5,5002,16,,,4994.0,0.0
-1,132600,TOMATOES,4987,5,4985,21,,,5000,5,5001,21,,,4993.5,0.0
-1,132700,TOMATOES,4987,7,4986,20,,,5001,7,5002,20,,,4994.0,0.0
-1,132800,TOMATOES,4988,5,4987,24,,,5001,5,5003,24,,,4994.5,0.0
-1,132900,TOMATOES,4987,8,4986,23,,,5001,8,5002,23,,,4994.0,0.0
-1,133000,TOMATOES,4988,5,4987,24,,,5001,5,5002,24,,,4994.5,0.0
-1,133100,TOMATOES,4988,6,4987,25,,,5002,6,5003,25,,,4995.0,0.0
-1,133200,TOMATOES,4987,10,4986,18,,,5001,10,5002,18,,,4994.0,0.0
-1,133300,TOMATOES,4987,7,4986,17,,,5001,7,5002,17,,,4994.0,0.0
-1,133400,TOMATOES,4987,9,4986,17,,,5001,9,5002,17,,,4994.0,0.0
-1,133500,TOMATOES,4987,5,4986,19,,,5001,5,5002,19,,,4994.0,0.0
-1,133600,TOMATOES,4988,7,4987,19,,,5002,7,5003,19,,,4995.0,0.0
-1,133700,TOMATOES,4987,8,4986,18,,,5001,8,5002,18,,,4994.0,0.0
-1,133800,TOMATOES,4988,5,4986,22,,,5001,5,5002,22,,,4994.5,0.0
-1,133900,TOMATOES,4987,8,4986,20,,,5001,8,5002,20,,,4994.0,0.0
-1,134000,TOMATOES,4987,10,4986,23,,,4994,3,5000,10,5002.0,23.0,4990.5,0.0
-1,134100,TOMATOES,4987,5,4986,25,,,5001,5,5002,25,,,4994.0,0.0
-1,134200,TOMATOES,4987,6,4985,21,,,5000,6,5001,21,,,4993.5,0.0
-1,134300,TOMATOES,4986,6,4985,22,,,5000,6,5001,22,,,4993.0,0.0
-1,134400,TOMATOES,4986,8,4985,16,,,5000,8,5001,16,,,4993.0,0.0
-1,134500,TOMATOES,4986,9,4985,17,,,4999,9,5001,17,,,4992.5,0.0
-1,134600,TOMATOES,4992,5,4986,8,4985.0,18.0,5000,8,5001,18,,,4996.0,0.0
-1,134700,TOMATOES,4986,6,4985,20,,,5000,6,5001,20,,,4993.0,0.0
-1,134800,TOMATOES,4986,10,4985,19,,,4999,10,5001,19,,,4992.5,0.0
-1,134900,TOMATOES,4985,6,4984,19,,,4999,6,5000,19,,,4992.0,0.0
-1,135000,TOMATOES,4986,9,4985,24,,,4999,9,5000,24,,,4992.5,0.0
-1,135100,TOMATOES,4985,5,4984,19,,,4999,5,5000,19,,,4992.0,0.0
-1,135200,TOMATOES,4986,10,4985,15,,,4999,10,5001,15,,,4992.5,0.0
-1,135300,TOMATOES,4986,9,4985,24,,,4999,9,5001,24,,,4992.5,0.0
-1,135400,TOMATOES,4986,8,4984,21,,,4999,8,5000,21,,,4992.5,0.0
-1,135500,TOMATOES,4986,6,4985,24,,,4999,6,5001,24,,,4992.5,0.0
-1,135600,TOMATOES,4986,5,4985,24,,,4999,5,5001,24,,,4992.5,0.0
-1,135700,TOMATOES,4985,9,4984,21,,,4999,9,5000,21,,,4992.0,0.0
-1,135800,TOMATOES,4986,6,4985,16,,,4993,3,4999,6,5001.0,16.0,4989.5,0.0
-1,135900,TOMATOES,4986,8,4984,22,,,4991,9,4999,8,5000.0,22.0,4988.5,0.0
-1,136000,TOMATOES,4986,8,4985,17,,,5000,8,5001,17,,,4993.0,0.0
-1,136100,TOMATOES,4987,8,4985,23,,,5000,8,5001,23,,,4993.5,0.0
-1,136200,TOMATOES,4987,10,4986,22,,,5001,10,5002,22,,,4994.0,0.0
-1,136300,TOMATOES,4995,5,4987,6,4986.0,25.0,5001,6,5002,25,,,4998.0,0.0
-1,136400,TOMATOES,4987,5,4986,16,,,5001,5,5002,16,,,4994.0,0.0
-1,136500,TOMATOES,4986,5,4985,17,,,5000,5,5001,17,,,4993.0,0.0
-1,136600,TOMATOES,4987,9,4985,23,,,5000,9,5001,23,,,4993.5,0.0
-1,136700,TOMATOES,4985,10,4984,18,,,4999,10,5000,18,,,4992.0,0.0
-1,136800,TOMATOES,4986,9,4984,21,,,4999,9,5000,21,,,4992.5,0.0
-1,136900,TOMATOES,4986,8,4984,15,,,4999,8,5000,15,,,4992.5,0.0
-1,137000,TOMATOES,4986,5,4985,19,,,4999,5,5001,19,,,4992.5,0.0
-1,137100,TOMATOES,4986,7,4985,24,,,4999,7,5001,24,,,4992.5,0.0
-1,137200,TOMATOES,4987,10,4985,22,,,5000,10,5001,22,,,4993.5,0.0
-1,137300,TOMATOES,4987,10,4986,25,,,5000,10,5002,25,,,4993.5,0.0
-1,137400,TOMATOES,4987,10,4986,20,,,5001,10,5002,20,,,4994.0,0.0
-1,137500,TOMATOES,4987,10,4986,22,,,5001,10,5002,22,,,4994.0,0.0
-1,137600,TOMATOES,4987,7,4986,15,,,5001,7,5002,15,,,4994.0,0.0
-1,137700,TOMATOES,4987,7,4986,23,,,5001,7,5002,23,,,4994.0,0.0
-1,137800,TOMATOES,4988,9,4986,19,,,5001,9,5002,19,,,4994.5,0.0
-1,137900,TOMATOES,4988,9,4987,23,,,5002,9,5003,23,,,4995.0,0.0
-1,138000,TOMATOES,4988,5,4987,15,,,5002,5,5003,15,,,4995.0,0.0
-1,138100,TOMATOES,4987,8,4986,19,,,5001,8,5002,19,,,4994.0,0.0
-1,138200,TOMATOES,4987,8,4986,20,,,5000,8,5002,20,,,4993.5,0.0
-1,138300,TOMATOES,4987,10,4986,24,,,5001,10,5002,24,,,4994.0,0.0
-1,138400,TOMATOES,4988,7,4987,24,,,5002,7,5003,24,,,4995.0,0.0
-1,138500,TOMATOES,4988,9,4986,17,,,5001,9,5002,17,,,4994.5,0.0
-1,138600,TOMATOES,4987,10,4986,16,,,4994,2,5001,10,5002.0,16.0,4990.5,0.0
-1,138700,TOMATOES,4987,8,4986,21,,,5001,8,5002,21,,,4994.0,0.0
-1,138800,TOMATOES,4987,9,4986,24,,,5001,9,5002,24,,,4994.0,0.0
-1,138900,TOMATOES,4987,10,4986,20,,,5000,10,5002,20,,,4993.5,0.0
-1,139000,TOMATOES,4987,7,4986,23,,,5001,7,5002,23,,,4994.0,0.0
-1,139100,TOMATOES,4987,10,4986,20,,,5000,10,5002,20,,,4993.5,0.0
-1,139200,TOMATOES,4987,9,4986,16,,,5000,9,5001,16,,,4993.5,0.0
-1,139300,TOMATOES,4987,6,4986,23,,,5000,6,5002,23,,,4993.5,0.0
-1,139400,TOMATOES,4987,6,4985,22,,,5000,6,5001,22,,,4993.5,0.0
-1,139500,TOMATOES,4987,6,4986,17,,,5000,6,5002,17,,,4993.5,0.0
-1,139600,TOMATOES,4987,10,4986,16,,,5001,10,5002,16,,,4994.0,0.0
-1,139700,TOMATOES,4988,6,4986,23,,,5001,6,5002,23,,,4994.5,0.0
-1,139800,TOMATOES,4988,10,4986,25,,,5001,10,5002,25,,,4994.5,0.0
-1,139900,TOMATOES,4987,9,4986,23,,,5001,9,5002,23,,,4994.0,0.0
-1,140000,TOMATOES,4987,5,4986,21,,,5000,5,5002,21,,,4993.5,0.0
-1,140100,TOMATOES,4987,10,4985,20,,,5000,10,5001,20,,,4993.5,0.0
-1,140200,TOMATOES,4986,8,4985,18,,,4991,6,4999,8,5001.0,18.0,4988.5,0.0
-1,140300,TOMATOES,4985,10,4984,21,,,4999,10,5000,21,,,4992.0,0.0
-1,140400,TOMATOES,4985,10,4984,15,,,4999,10,5000,15,,,4992.0,0.0
-1,140500,TOMATOES,4986,6,4984,15,,,4999,6,5000,15,,,4992.5,0.0
-1,140600,TOMATOES,4986,9,4985,20,,,4993,3,5000,9,5001.0,20.0,4989.5,0.0
-1,140700,TOMATOES,4987,6,4985,19,,,5000,6,5001,19,,,4993.5,0.0
-1,140800,TOMATOES,4987,7,4985,15,,,5000,7,5001,15,,,4993.5,0.0
-1,140900,TOMATOES,4988,6,4987,21,,,5002,6,5003,21,,,4995.0,0.0
-1,141000,TOMATOES,4989,5,4987,23,,,5002,5,5003,23,,,4995.5,0.0
-1,141100,TOMATOES,4988,10,4987,16,,,5002,10,5003,16,,,4995.0,0.0
-1,141200,TOMATOES,4989,5,4987,18,,,5002,5,5003,18,,,4995.5,0.0
-1,141300,TOMATOES,4989,6,4988,17,,,4994,10,5003,6,5004.0,17.0,4991.5,0.0
-1,141400,TOMATOES,4989,10,4988,23,,,5003,10,5004,23,,,4996.0,0.0
-1,141500,TOMATOES,4989,7,4988,17,,,5002,7,5004,17,,,4995.5,0.0
-1,141600,TOMATOES,4989,9,4987,18,,,5002,9,5003,18,,,4995.5,0.0
-1,141700,TOMATOES,4997,10,4989,9,4988.0,23.0,5003,9,5004,23,,,5000.0,0.0
-1,141800,TOMATOES,4997,12,4989,8,4988.0,22.0,5003,8,5004,22,,,5000.0,0.0
-1,141900,TOMATOES,4989,6,4987,25,,,5002,6,5003,25,,,4995.5,0.0
-1,142000,TOMATOES,4988,9,4986,24,,,5001,9,5002,24,,,4994.5,0.0
-1,142100,TOMATOES,4987,9,4985,23,,,5000,9,5001,23,,,4993.5,0.0
-1,142200,TOMATOES,4987,7,4986,23,,,5000,7,5002,23,,,4993.5,0.0
-1,142300,TOMATOES,4987,10,4986,20,,,5001,10,5002,20,,,4994.0,0.0
-1,142400,TOMATOES,4988,8,4986,15,,,5001,8,5002,15,,,4994.5,0.0
-1,142500,TOMATOES,4987,8,4986,21,,,5001,8,5002,21,,,4994.0,0.0
-1,142600,TOMATOES,4988,5,4987,17,,,5001,5,5003,17,,,4994.5,0.0
-1,142700,TOMATOES,4988,10,4987,17,,,5001,10,5003,17,,,4994.5,0.0
-1,142800,TOMATOES,4987,6,4986,20,,,5001,6,5002,20,,,4994.0,0.0
-1,142900,TOMATOES,4987,5,4985,23,,,5000,5,5001,23,,,4993.5,0.0
-1,143000,TOMATOES,4987,6,4986,17,,,5000,6,5002,17,,,4993.5,0.0
-1,143100,TOMATOES,4986,9,4985,23,,,5000,9,5001,23,,,4993.0,0.0
-1,143200,TOMATOES,4986,9,4985,18,,,4999,9,5001,18,,,4992.5,0.0
-1,143300,TOMATOES,4986,5,4984,23,,,4999,5,5000,23,,,4992.5,0.0
-1,143400,TOMATOES,4986,10,4984,15,,,4999,10,5000,15,,,4992.5,0.0
-1,143500,TOMATOES,4986,7,4984,23,,,4999,7,5000,23,,,4992.5,0.0
-1,143600,TOMATOES,4986,6,4984,24,,,4999,6,5000,24,,,4992.5,0.0
-1,143700,TOMATOES,4986,6,4984,16,,,4999,6,5000,16,,,4992.5,0.0
-1,143800,TOMATOES,4985,8,4984,15,,,4999,8,5000,15,,,4992.0,0.0
-1,143900,TOMATOES,4986,5,4984,18,,,4999,5,5000,18,,,4992.5,0.0
-1,144000,TOMATOES,4985,6,4984,21,,,4998,6,5000,21,,,4991.5,0.0
-1,144100,TOMATOES,4985,5,4984,15,,,4999,5,5000,15,,,4992.0,0.0
-1,144200,TOMATOES,4986,10,4985,24,,,5000,10,5001,24,,,4993.0,0.0
-1,144300,TOMATOES,4987,5,4986,19,,,4992,7,5000,5,5002.0,19.0,4989.5,0.0
-1,144400,TOMATOES,4986,7,4985,22,,,5000,7,5001,22,,,4993.0,0.0
-1,144500,TOMATOES,4986,9,4985,23,,,4999,9,5001,23,,,4992.5,0.0
-1,144600,TOMATOES,4985,5,4984,23,,,4999,5,5000,23,,,4992.0,0.0
-1,144700,TOMATOES,4986,7,4984,21,,,4999,7,5000,21,,,4992.5,0.0
-1,144800,TOMATOES,4986,5,4985,19,,,5000,5,5001,19,,,4993.0,0.0
-1,144900,TOMATOES,4985,8,4984,21,,,4999,8,5000,21,,,4992.0,0.0
-1,145000,TOMATOES,4986,10,4985,25,,,5000,10,5001,25,,,4993.0,0.0
-1,145100,TOMATOES,4985,10,4984,20,,,4999,10,5000,20,,,4992.0,0.0
-1,145200,TOMATOES,4986,6,4985,18,,,4999,6,5001,18,,,4992.5,0.0
-1,145300,TOMATOES,4986,5,4984,20,,,4999,5,5000,20,,,4992.5,0.0
-1,145400,TOMATOES,4985,10,4984,21,,,4999,10,5000,21,,,4992.0,0.0
-1,145500,TOMATOES,4986,10,4984,15,,,4999,10,5000,15,,,4992.5,0.0
-1,145600,TOMATOES,4986,9,4985,22,,,5000,9,5001,22,,,4993.0,0.0
-1,145700,TOMATOES,4986,9,4985,15,,,5000,9,5001,15,,,4993.0,0.0
-1,145800,TOMATOES,4986,8,4984,25,,,4999,8,5000,25,,,4992.5,0.0
-1,145900,TOMATOES,4986,6,4985,18,,,4999,6,5001,18,,,4992.5,0.0
-1,146000,TOMATOES,4986,7,4984,22,,,4999,7,5000,22,,,4992.5,0.0
-1,146100,TOMATOES,4986,9,4985,24,,,4999,9,5001,24,,,4992.5,0.0
-1,146200,TOMATOES,4985,5,4984,20,,,4999,5,5000,20,,,4992.0,0.0
-1,146300,TOMATOES,4985,5,4984,23,,,4998,5,5000,23,,,4991.5,0.0
-1,146400,TOMATOES,4985,7,4984,22,,,4999,7,5000,22,,,4992.0,0.0
-1,146500,TOMATOES,4985,6,4984,19,,,4999,6,5000,19,,,4992.0,0.0
-1,146600,TOMATOES,4990,4,4985,8,4984.0,25.0,4998,8,5000,25,,,4994.0,0.0
-1,146700,TOMATOES,4985,5,4984,22,,,4999,5,5000,22,,,4992.0,0.0
-1,146800,TOMATOES,4985,9,4984,21,,,4999,9,5000,21,,,4992.0,0.0
-1,146900,TOMATOES,4985,9,4984,22,,,4998,9,5000,22,,,4991.5,0.0
-1,147000,TOMATOES,4985,6,4984,24,,,4998,6,5000,24,,,4991.5,0.0
-1,147100,TOMATOES,4985,5,4984,16,,,4998,5,5000,16,,,4991.5,0.0
-1,147200,TOMATOES,4985,7,4984,19,,,4998,7,5000,19,,,4991.5,0.0
-1,147300,TOMATOES,4991,3,4986,6,4984.0,23.0,4999,6,5000,23,,,4995.0,0.0
-1,147400,TOMATOES,4985,5,4984,19,,,4999,5,5000,19,,,4992.0,0.0
-1,147500,TOMATOES,4985,10,4984,19,,,4999,10,5000,19,,,4992.0,0.0
-1,147600,TOMATOES,4985,10,4983,19,,,4998,10,4999,19,,,4991.5,0.0
-1,147700,TOMATOES,4985,8,4984,24,,,4999,8,5000,24,,,4992.0,0.0
-1,147800,TOMATOES,4985,5,4983,17,,,4998,5,4999,17,,,4991.5,0.0
-1,147900,TOMATOES,4984,5,4983,24,,,4998,5,4999,24,,,4991.0,0.0
-1,148000,TOMATOES,4985,8,4984,24,,,4998,8,5000,24,,,4991.5,0.0
-1,148100,TOMATOES,4984,6,4983,23,,,4998,6,4999,23,,,4991.0,0.0
-1,148200,TOMATOES,4985,10,4983,25,,,4998,10,4999,25,,,4991.5,0.0
-1,148300,TOMATOES,4985,8,4984,16,,,4999,8,5000,16,,,4992.0,0.0
-1,148400,TOMATOES,4985,10,4984,25,,,4998,10,5000,25,,,4991.5,0.0
-1,148500,TOMATOES,4985,8,4984,22,,,4999,8,5000,22,,,4992.0,0.0
-1,148600,TOMATOES,4985,5,4984,18,,,4998,5,5000,18,,,4991.5,0.0
-1,148700,TOMATOES,4984,8,4983,17,,,4998,8,4999,17,,,4991.0,0.0
-1,148800,TOMATOES,4985,8,4984,25,,,4998,8,5000,25,,,4991.5,0.0
-1,148900,TOMATOES,4985,7,4984,16,,,4998,7,5000,16,,,4991.5,0.0
-1,149000,TOMATOES,4986,6,4985,24,,,4999,6,5001,24,,,4992.5,0.0
-1,149100,TOMATOES,4991,2,4986,8,4985.0,23.0,4999,8,5001,23,,,4995.0,0.0
-1,149200,TOMATOES,4985,9,4984,20,,,4999,9,5000,20,,,4992.0,0.0
-1,149300,TOMATOES,4984,8,4983,24,,,4997,8,4999,24,,,4990.5,0.0
-1,149400,TOMATOES,4984,8,4983,15,,,4998,8,4999,15,,,4991.0,0.0
-1,149500,TOMATOES,4984,8,4983,19,,,4997,8,4999,19,,,4990.5,0.0
-1,149600,TOMATOES,4984,7,4983,23,,,4997,7,4999,23,,,4990.5,0.0
-1,149700,TOMATOES,4984,8,4982,25,,,4997,8,4998,25,,,4990.5,0.0
-1,149800,TOMATOES,4983,5,4982,25,,,4997,5,4998,25,,,4990.0,0.0
-1,149900,TOMATOES,4984,10,4982,23,,,4997,10,4998,23,,,4990.5,0.0
-1,150000,TOMATOES,4983,6,4982,18,,,4997,6,4998,18,,,4990.0,0.0
-1,150100,TOMATOES,4983,5,4982,24,,,4996,5,4998,24,,,4989.5,0.0
-1,150200,TOMATOES,4983,9,4981,22,,,4996,9,4997,22,,,4989.5,0.0
-1,150300,TOMATOES,4983,5,4981,19,,,4996,5,4997,19,,,4989.5,0.0
-1,150400,TOMATOES,4982,7,4981,18,,,4996,7,4997,18,,,4989.0,0.0
-1,150500,TOMATOES,4983,7,4981,20,,,4996,7,4997,20,,,4989.5,0.0
-1,150600,TOMATOES,4983,8,4982,19,,,4996,8,4998,19,,,4989.5,0.0
-1,150700,TOMATOES,4982,9,4981,16,,,4996,9,4997,16,,,4989.0,0.0
-1,150800,TOMATOES,4983,7,4982,23,,,4996,7,4998,23,,,4989.5,0.0
-1,150900,TOMATOES,4983,5,4982,24,,,4997,5,4998,24,,,4990.0,0.0
-1,151000,TOMATOES,4983,5,4982,17,,,4997,5,4998,17,,,4990.0,0.0
-1,151100,TOMATOES,4983,5,4982,16,,,4997,5,4998,16,,,4990.0,0.0
-1,151200,TOMATOES,4984,7,4982,18,,,4997,7,4998,18,,,4990.5,0.0
-1,151300,TOMATOES,4983,7,4982,23,,,4997,7,4998,23,,,4990.0,0.0
-1,151400,TOMATOES,4984,5,4982,21,,,4997,5,4998,21,,,4990.5,0.0
-1,151500,TOMATOES,4984,9,4983,23,,,4997,9,4999,23,,,4990.5,0.0
-1,151600,TOMATOES,4990,5,4983,10,4982.0,22.0,4997,10,4998,22,,,4993.5,0.0
-1,151700,TOMATOES,4984,10,4982,20,,,4997,10,4998,20,,,4990.5,0.0
-1,151800,TOMATOES,4984,5,4982,17,,,4997,5,4998,17,,,4990.5,0.0
-1,151900,TOMATOES,4983,7,4982,23,,,4997,7,4998,23,,,4990.0,0.0
-1,152000,TOMATOES,4983,10,4982,24,,,4997,10,4998,24,,,4990.0,0.0
-1,152100,TOMATOES,4983,10,4981,22,,,4996,10,4997,22,,,4989.5,0.0
-1,152200,TOMATOES,4983,8,4981,19,,,4996,8,4997,19,,,4989.5,0.0
-1,152300,TOMATOES,4983,6,4982,15,,,4996,6,4998,15,,,4989.5,0.0
-1,152400,TOMATOES,4983,10,4982,19,,,4997,10,4998,19,,,4990.0,0.0
-1,152500,TOMATOES,4984,6,4982,22,,,4997,6,4998,22,,,4990.5,0.0
-1,152600,TOMATOES,4985,8,4983,25,,,4998,8,4999,25,,,4991.5,0.0
-1,152700,TOMATOES,4984,9,4983,25,,,4998,9,4999,25,,,4991.0,0.0
-1,152800,TOMATOES,4983,7,4982,21,,,4997,7,4998,21,,,4990.0,0.0
-1,152900,TOMATOES,4990,10,4988,5,4983.0,8.0,4996,8,4997,22,,,4993.0,0.0
-1,153000,TOMATOES,4983,5,4982,17,,,4996,5,4998,17,,,4989.5,0.0
-1,153100,TOMATOES,4983,6,4982,18,,,4997,6,4998,18,,,4990.0,0.0
-1,153200,TOMATOES,4982,7,4981,22,,,4996,7,4997,22,,,4989.0,0.0
-1,153300,TOMATOES,4983,5,4981,19,,,4996,5,4997,19,,,4989.5,0.0
-1,153400,TOMATOES,4982,5,4981,19,,,4996,5,4997,19,,,4989.0,0.0
-1,153500,TOMATOES,4982,8,4981,17,,,4996,8,4997,17,,,4989.0,0.0
-1,153600,TOMATOES,4982,8,4981,19,,,4996,8,4997,19,,,4989.0,0.0
-1,153700,TOMATOES,4982,9,4981,25,,,4995,9,4997,25,,,4988.5,0.0
-1,153800,TOMATOES,4981,6,4980,22,,,4995,6,4996,22,,,4988.0,0.0
-1,153900,TOMATOES,4981,10,4980,24,,,4995,10,4996,24,,,4988.0,0.0
-1,154000,TOMATOES,4981,9,4980,16,,,4995,9,4996,16,,,4988.0,0.0
-1,154100,TOMATOES,4981,7,4980,23,,,4995,7,4996,23,,,4988.0,0.0
-1,154200,TOMATOES,4989,10,4982,9,4981.0,22.0,4995,9,4997,22,,,4992.0,0.0
-1,154300,TOMATOES,4990,11,4983,8,4981.0,17.0,4996,8,4997,17,,,4993.0,0.0
-1,154400,TOMATOES,4983,6,4982,17,,,4997,6,4998,17,,,4990.0,0.0
-1,154500,TOMATOES,4984,5,4983,23,,,4998,5,4999,23,,,4991.0,0.0
-1,154600,TOMATOES,4984,9,4983,19,,,4998,9,4999,19,,,4991.0,0.0
-1,154700,TOMATOES,4984,7,4983,21,,,4998,7,4999,21,,,4991.0,0.0
-1,154800,TOMATOES,4985,5,4984,22,,,4998,5,5000,22,,,4991.5,0.0
-1,154900,TOMATOES,4985,8,4983,16,,,4998,8,4999,16,,,4991.5,0.0
-1,155000,TOMATOES,4985,9,4984,21,,,4999,9,5000,21,,,4992.0,0.0
-1,155100,TOMATOES,4985,6,4984,19,,,4998,6,5000,19,,,4991.5,0.0
-1,155200,TOMATOES,4985,9,4984,19,,,4999,9,5000,19,,,4992.0,0.0
